3198 5032
589 287 806 357 -27-

161 505 210 571 At
232 523 315 570 cum
337 503 448 587 Syrus
472 505 611 570 domum
635 504 835 587 Antiphilae
858 508 893 570 et
915 505 1012 570 vitae
1029 505 1240 572 cottidianae
1258 525 1342 572 con-

42 613 274 679 suetudinem
297 613 427 696 laudat,
455 629 534 678 eam
558 615 732 678 texentem
765 613 872 678 telam
905 611 1054 678 studiose
1087 631 1122 679 se
1155 614 1339 679 offendisse

44 725 181 786 narrat
203 735 247 784 ac
271 717 489 784 mediocriter
522 719 686 785 vestitam
718 724 816 785 veste
848 715 995 801 lugubri.
1027 715 1181 802 Capillus
1214 737 1339 804 passus

46 829 190 912 prolixe
214 831 249 892 et
271 828 368 892 circa
392 830 500 909 caput
523 828 674 892 reiectus
697 827 920 910 neglegenter
932 827 960 905 ¹).

162 935 250 1000 Erat
282 935 388 1018 igitur
411 936 512 1018 virgo
536 935 659 1017 ignara
692 936 845 1000 omnium
876 934 1006 999 artium
1038 937 1097 1016 (gr.
1132 937 1277 1021 ατεχνῶς)
1305 941 1340 1000 et

43 1044 269 1126 conspicitur
301 1039 523 1125 pulchritudo
547 1043 693 1126 virginis
725 1043 844 1108 nescia
876 1041 962 1108 artis
994 1041 1133 1126 nullius,
1164 1043 1255 1124 quod
1286 1049 1340 1108 est

42 1167 239 1235 graecum:
263 1151 376 1223 κάλλος
400 1151 566 1237 ἀμήχανον.

165 1257 345 1339 Antiphila
377 1261 495 1322 autem
531 1257 653 1322 habuit
685 1271 793 1321 unam
824 1257 1038 1336 ancillulam,
1071 1273 1162 1342 quae
1197 1257 1341 1322 texebat

48 1365 183 1447 pannis
202 1364 360 1446 obsitam,
379 1366 585 1448 neglectam,
604 1365 819 1430 immundam
838 1365 968 1430 illuvie.
988 1365 1156 1448 Magnum
1175 1363 1240 1428 hoc
1259 1381 1336 1447 quo·

50 1491 125 1555 que
149 1472 286 1554 signum
317 1474 371 1537 est
394 1467 595 1554 Clitiphonti
626 1472 801 1537 dominam
833 1491 908 1538 esso
940 1477 1043 1538 extra
1076 1471 1226 1552 noxiam,
1259 1488 1340 1535 cum

52 1581 131 1644 eius
156 1581 229 1642 tam
253 1579 485 1662 negleguntur
508 1577 722 1644 internuntii.

220 1709 311 1764 «Nam
330 1710 515 1781 disciplinast
534 1711 584 1780 eis,
604 1711 825 1766 demuneraricr

218 1797 352 1854 Ancillas
371 1801 511 1870 primum,
529 1801 567 1855 ad
586 1800 721 1855 dominas
740 1801 792 1869 qui
811 1800 963 1855 adlectant
981 1803 1061 1854 viam
1073 1803 1100 1868 ²).

164 1919 333 1984 Dominus
348 1919 544 2001 appellatas
563 1921 670 1986 fuisse
687 1919 821 1984 amicas
840 1915 1113 1984 adulescentium
1134 1936 1215 1983 cum
1234 1913 1341 1982 Grae·

51 2045 179 2092 corum
203 2009 278 2090 turn
303 2024 537 2092 Romanorum
571 2031 744 2092 testantur
767 2027 873 2109 vulgo
897 2027 1092 2107 scriptores
1120 2025 1165 2089 nt
1187 2023 1341 2091 Achilles

52 2135 179 2199 Tatius
192 2129 228 2214 ⁸):
258 2129 417 2208 δεσποίνας
440 2139 569 2197 καλοῦσι
591 2136 646 2208 τὰς
669 2135 791 2222 ἑταίρας
815 2140 842 2196 oi
865 2136 997 2220 ἐρῶντες.
1030 2131 1130 2213 Quod
1154 2137 1272 2197 autem
1295 2130 1340 2195 ad

53 2243 156 2305 illam
179 2241 398 2322 disciplinam
423 2242 697 2323 corrumpendae
716 2241 867 2306 ancillae
886 2241 1043 2323 pertinet,
1060 2241 1131 2304 iam
1150 2240 1250 2305 docet
1268 2257 1339 2303 ma·

55 2351 166 2433 gister
198 2365 357 2413 amorum
391 2347 581 2426 Ovidiusb:
615 2349 674 2414 sed
707 2349 803 2431 prius
829 2349 996 2413 ancillam
1020 2347 1216 2429 captandae
1240 2363 1341 2410 nosse

57 2455 196 2538 puellae
220 2453 313 2520 Cura
336 2457 389 2521 sit.
413 2455 516 2520 Hanc
540 2461 577 2519 tu
601 2455 770 2539 pollicitis,
794 2457 886 2521 hanc
910 2461 948 2519 tu
971 2472 1156 2536 corrumpe
1178 2453 1340 2534 rogando.

165 2563 312 2629 Restant
336 2581 430 2628 nunc
454 2563 521 2628 loci
544 2563 710 2646 nonnulli,
733 2562 859 2646 quibus
881 2581 973 2647 quae
996 2566 1192 2644 narrentur,
1216 2563 1261 2626 ad
1284 2579 1341 2626 res

55 2691 143 2738 vere
161 2687 311 2754 graecas
330 2671 460 2736 referre
480 2689 669 2752 possumus.
694 2671 915 2735 Menedemus
938 2670 1113 2735 advenam
1132 2686 1238 2733 anum
1258 2686 1340 2750 pau·

58 2779 241 2860 porculam
263 2797 284 2843 e
306 2775 470 2842 Corintho
502 2778 559 2842 hic
591 2796 666 2843 esse
690 2785 813 2841 narrat
841 2775 1013 2843 Chremeti
1025 2773 1055 2855 6).
1087 2773 1172 2840 Inde
1195 2774 1342 2839 Romam

61 2885 198 2951 venisse
219 2886 368 2950 feminas
391 2903 521 2968 easque
543 2903 668 2968 magno
692 2883 802 2966 pretio
820 2885 926 2949 fuisse
944 2884 1045 2948 docet
1062 2883 1247 2964 vulgatum
1266 2899 1340 2964 pro-

65 2991 232 3058 verbium:
256 3007 324 3056 non
348 2991 461 3056 cuivis
485 2993 566 3056 licet
588 2992 685 3056 adire
709 2989 920 3056 Corinthum.
944 2988 1074 3056 Clinias
1097 2989 1142 3053 ad
1165 3005 1283 3071 regem
1306 2988 1343 3051 in

170 3235 190 3302 ¹)
211 3233 321 3304 Heaut.
339 3250 367 3287 v.
387 3233 439 3288 290
459 3247 499 3300 sq.

167 3323 190 3393 ²)
210 3323 318 3376 Heaut.
338 3340 366 3378 v.
386 3323 439 3378 300
458 3339 498 3391 sq.

168 3414 189 3483 ³)
210 3413 241 3466 in
261 3411 335 3466 libro
355 3413 392 3465 de
411 3409 600 3481 Clitiphontis
620 3417 649 3465 et
669 3409 834 3479 Leucippen
858 3407 1008 3461 amoribus
1027 3407 1064 3460 Il.
1084 3407 1109 3462 6.
1128 3407 1181 3460 ubi
1200 3406 1342 3475 legimus:

62 3510 140 3555 ταῦτα
168 3502 347 3572 διαλεγόμενος
373 3501 466 3554 ἔλαθεν
495 3501 595 3562 ἐπιστὰς
614 3499 777 3570 ἀπροοράτως
810 3503 840 3568 τῇ
873 3498 943 3568 κόρῃ.
972 3499 1014 3549 καὶ
1042 3496 1190 3567 ὠχριάσασά
1222 3516 1248 3548 τε
1281 3493 1344 3548 ἰδὼν

63 3593 180 3663 ἐξαίφνης.
203 3587 255 3644 εἶτα
275 3591 422 3662 ἐφοινίχδην.
450 3591 513 3660 μόνη
534 3590 561 3641 δὲ
579 3585 610 3655 ἦν
629 3592 671 3641 καὶ
698 3589 756 3641 οὐδὲ
774 3590 790 3654 ἡ
810 3587 894 3640 Κλειὼ
921 3594 1060 3658 συμπαρῆν.
1088 3588 1156 3658 ὅμως
1181 3579 1225 3638 οὖν
1250 3586 1286 3646 ὡς
1313 3588 1343 3636 ἂν

58 3682 251 3754 τεορυβημένος,
275 3680 322 3732 οὐκ
350 3679 414 3750 ἔχων
442 3681 497 3730 ὅτι
517 3679 586 3730 ε’ίπω.
607 3681 688 3749 Χαῖρε,
708 3677 776 3747 ἔφην,
796 3678 920 3728 δέσποινα.
945 3672 971 3726 Ἠ
992 3676 1018 3726 δὲ
1038 3675 1187 3746 μειδιάσασα
1205 3671 1286 3744 γλυκὺ
1302 3676 1344 3725 καὶ

63 3773 220 3844 ἐμφανίσασα
240 3769 281 3822 διὰ
300 3776 346 3822 τοῦ
365 3769 482 3838 γελωτος,
502 3770 540 3820 ὅτι
560 3775 659 3834 συνῆκε,
679 3774 732 3828 πῶς
752 3762 819 3819 εἷπον
839 3764 867 3817 τὸ
887 3767 960 3835 Χαῖρε
976 3765 1102 3830 δέσποινα,
1118 3759 1191 3817 εἶπεν.
1212 3762 1280 3832 Ἐγὼ
1297 3763 1342 3830 σή;

64 3862 95 3932 μὴ
115 3861 186 3914 τοῦτ’
208 3860 282 3925 εἴπης.
303 3859 384 3913 Haec
403 3858 475 3913 dum
494 3872 612 3912 mecum
632 3857 712 3910 solus
732 3857 877 3924 loquerer,
897 3855 1014 3923 puellae
1034 3869 1082 3908 me
1101 3853 1219 3907 obviarn
1235 3853 1342 3920 impro-
1418 3853 1419 3858 ’

62 3955 123 4007 viso
143 3952 259 4004 iactum
277 3949 490 4015 animadverti3
509 3962 606 4016 eaque
623 3948 690 4002 visa
708 3947 810 4000 statim
830 3945 976 4013 expalluit
996 3960 1066 3998 mox
1080 3944 1188 3998 rubore
1202 3942 1343 4011 pertusus

62 4055 135 4095 sum.
152 4039 210 4093 Illa
225 4041 290 4092 tum
306 4039 368 4092 sola
382 4043 454 4092 erat.
465 4037 637 4092 Recesserat
653 4037 731 4091 enim
743 4037 832 4091 etiam
847 4033 918 4089 Clio.
933 4033 1120 4103 Quamquam
1135 4034 1230 4102 igitur
1245 4031 1345 4084 animo

61 4129 199 4197 perculso
215 4133 244 4181 ct
258 4128 382 4196 abiecto,
398 4128 470 4196 quid
485 4128 613 4181 dicerem
629 4141 688 4179 non
703 4126 856 4194 habebam,
872 4115 986 4178 tamen:
1006 4121 1104 4187 Salve,
1119 4123 1249 4189 inquam,
1264 4121 1344 4174 hera.

60 4217 138 4274 lum
153 4218 208 4272 illa
223 4218 355 4271 suaviter
369 4217 468 4270 ridens
484 4222 514 4270 et
527 4217 599 4285 risu,
614 4228 757 4284 quorsum
776 4229 810 4268 ea
830 4214 971 4267 salutatio
991 4215 1144 4281 spectaret,
1160 4209 1345 4263 intellexisse

6 4369 7 4372 Ἴ
60 4309 249 4378 significans,
267 4307 372 4361 Tuane
390 4321 456 4375 ego,
475 4307 580 4375 inquit,
599 4302 689 4359 hera?
707 4318 767 4357 non
786 4315 915 4370 aequum
934 4303 1016 4357 dicis.

6 4383 8 4396 '
172 4399 193 4464 4)
213 4395 294 4450 nius
314 4413 369 4450 am.
390 4395 411 4448 l.
433 4397 493 4450 351.

172 4487 194 4554 ⁵)
216 4485 322 4538 Heaut.
342 4502 369 4536 v.
390 4487 432 4539 96.
