3198 5032
598 261 815 327 -252-

56 481 98 540 at
121 475 325 558 pytissando
358 473 505 538 multum
529 474 603 538 vini
625 473 818 555 absumpsit
851 473 1007 539 Bacchis.
1040 475 1181 556 Proprie
1216 476 1343 558 »pytis
1402 563 1405 570 A

57 601 159 648 sare«
185 583 322 663 dicitur,
353 582 445 665 quod
467 586 618 664 gustare,
650 581 750 664 quasi
773 598 854 645 cum
878 581 1031 664 quadam
1059 581 1261 663 probatione
1283 601 1341 650 ex·

57 707 194 772 spuere,
216 707 385 770 graecum
408 691 463 751 τὸν
486 684 564 750 οἶνον
586 679 761 761 ἐκπιτύζειν.

167 795 327 863 Sostrata
350 797 456 877 timet,
480 813 523 861 ne
545 793 693 877 Clitipho
716 813 738 859 a
761 801 862 877 patre
885 796 1088 878 repudiatus
1111 796 1285 860 subditum
1305 815 1344 861 se

56 905 266 986 suspicetur.
289 903 452 968 Subditus
475 904 535 969 vel
557 902 752 968 subditivus
771 903 790 968 i.
814 921 842 967 e.
866 905 1062 985 suppositus
1085 902 1268 985 respondet
1291 902 1341 966 illi

53 1030 187 1095 graeco
212 1013 419 1096 thaphphua
447 1008 510 1075 Cui
533 1011 724 1075 sententiae
756 1010 849 1074 haud
874 1010 1053 1074 dissimilia
1085 1010 1250 1074 videntur
1273 1008 1340 1074 Ad·

52 1120 141 1184 meti
165 1119 277 1182 verba
297 1118 390 1198 apud
414 1116 625 1198 Euripidem:
644 1117 696 1178 καὶ
715 1114 743 1201 μ’
768 1119 803 1178 οὐ
822 1107 934 1202 νομίζω
953 1108 1052 1180 παῖδα
1071 1119 1122 1179 σὸν
1139 1115 1307 1200 πεφυκέναι.
1322 1115 1345 1196 ¹)

50 1226 112 1290 Ita
137 1223 288 1306 Clitipho
310 1225 465 1306 spurium
490 1242 528 1290 se
550 1223 712 1306 opinatur
735 1241 796 1288 seu
819 1223 1004 1289 subditum.

169 1332 217 1397 Ut
240 1333 328 1396 alias
351 1331 586 1396 huiuscemodi
610 1331 799 1395 locutiones
823 1332 989 1412 omittam,
1022 1336 1161 1396 transeo
1183 1331 1219 1395 in
1242 1331 1344 1396 calce

54 1439 387 1506 dissertatiunculae
408 1439 454 1503 ad
477 1439 570 1503 locos
602 1439 863 1519 enumerandos,
897 1439 954 1502 ubi
978 1441 1066 1504 tales
1100 1456 1211 1505 mores
1244 1439 1337 1504 insti·
1413 1523 1416 1528 Ι

57 1553 207 1631 tutaque
233 1547 358 1611 adres
391 1548 550 1628 privatas
583 1546 790 1626 pertinentia
824 1552 1070 1628 memorantur,
1102 1547 1227 1632 quibus
1260 1565 1342 1612 cum

60 1655 207 1718 Romani
230 1657 305 1718 tum
328 1651 456 1719 Graeci
479 1653 610 1734 pariter
629 1653 682 1716 usi
697 1659 790 1728 sunt.
815 1653 1044 1737 Iampridem
1069 1654 1186 1718 monui
1208 1653 1340 1720 Sostra·

58 1771 130 1826 tam
151 1761 333 1826 sustulisse
352 1761 503 1842 puellam
522 1765 557 1825 et
574 1761 658 1824 anui
681 1757 879 1826 Corinthiae
902 1763 1143 1843 exponendam
1165 1761 1299 1829 dedisse
1311 1761 1344 1842 ²).

57 1867 267 1950 Saepissime
290 1869 384 1950 apud
407 1869 556 1932 comicos
589 1868 713 1932 latinos
737 1867 900 1950 leguntur
928 1886 1047 1934 voces:
1080 1871 1256 1950 suscipere
1278 1878 1342 1934 aut

56 1977 180 2041 tollere
203 1993 350 2058 puerum
373 1981 409 2041 et
431 1975 524 2056 apud
547 1975 757 2041 Terentium:
794 1975 979 2059 »quidquid
1004 1977 1199 2058 peperisset,
1223 1975 1353 2042 decre'

55 2089 190 2148 verunt
213 2083 352 2148 tollere«
367 2083 469 2160 uvel
496 2083 580 2146 »uisi
605 2101 750 2164 puerum
784 2081 884 2162 tollis,
917 2084 987 2148 iam
1011 2102 1074 2166 ego
1097 2085 1190 2148 hunc
1213 2083 1249 2147 in
1273 2102 1340 2149 me·

56 2191 153 2254 diam
177 2190 274 2253 viam
300 2190 510 2257 Provolvam
541 2197 647 2272 atque
678 2190 804 2254 ibidem
838 2191 1045 2272 pervolvam
1068 2191 1102 2254 in
1127 2191 1218 2256 luto«
1231 2189 1256 2271 ⁴)
1281 2193 1342 2257 vel

59 2297 233 2379 Pamphili
264 2298 375 2362 verba
398 2298 444 2363 ad
467 2297 622 2363 Davum:
658 2315 759 2360 »nam
792 2297 964 2380 pollicitus
988 2315 1064 2362 sum
1097 2303 1340 2380 suscepturum

59 2423 97 2470 se
120 2421 286 2486 puerum«
300 2401 330 2482 ⁶).
364 2405 503 2469 Puellae
526 2403 746 2486 expositionis
780 2405 906 2470 mentio
938 2405 979 2468 fit
1007 2405 1042 2469 in
1075 2403 1222 2471 Casinae
1255 2405 1342 2486 prol.

57 2531 92 2576 v.
115 2513 168 2577 41.
198 2511 273 2576 Iam
297 2513 404 2594 vulgo
427 2520 546 2576 notum
569 2516 622 2576 est
646 2509 775 2576 Romae
798 2512 956 2593 patribus
979 2513 1130 2582 familias
1153 2512 1259 2577 fuisse
1283 2530 1338 2594 po·

56 2626 221 2686 testatem
244 2620 369 2685 liberos
393 2639 471 2685 suos
495 2620 696 2701 exponendi.
730 2619 875 2685 Athenis
898 2625 1015 2686 autem
1039 2621 1097 2686 ille
1121 2639 1213 2702 usus,
1236 2639 1340 2705 quem

56 2729 156 2792 nulla
179 2728 239 2792 lex
262 2727 480 2794 coercuisset.
513 2733 727 2810 pervagatus
750 2732 840 2806 erat;
872 2746 982 2810 quare
1015 2747 1082 2793 non
1115 2729 1241 2792 mirum
1265 2747 1343 2794 esse

58 2834 206 2914 videtur,
240 2835 332 2917 quod
360 2836 523 2916 permulti
555 2834 750 2900 comoediae
783 2853 933 2917 graecae
965 2839 1087 2918 poetae
1119 2837 1257 2919 saepius
1280 2853 1343 2900 eas

58 2942 198 3006 fabulas
230 2947 506 3024 composuerunt,
539 2943 673 3026 quibus,
709 2943 878 3025 quomodo
911 2943 1010 3008 liberi
1041 2943 1187 3026 expositi
1222 2944 1341 3008 multis

57 3055 137 3132 post
155 3050 256 3114 annis
274 3067 296 3113 a
316 3051 517 3131 parentibus
535 3054 876 3132 recognoscerentur,
896 3051 1115 3115 narrabatur.
1139 3048 1239 3134 Quae
1258 3067 1339 3114 cum

55 3159 105 3220 ita
125 3156 204 3238 sint,
227 3157 315 3222 haec
339 3157 430 3238 optio
453 3175 546 3221 nunc
570 3157 667 3221 nohis
691 3157 803 3236 datur,
829 3162 946 3220 utrum
969 3157 1166 3222 Terentium
1186 3157 1222 3220 in
1241 3174 1339 3221 enar·

55 3265 168 3328 rando
188 3281 254 3328 usu
273 3263 398 3329 liberos
421 3265 614 3346 exponendi
639 3282 768 3328 morem
792 3281 977 3328 romanum
1001 3263 1241 3346 respicientem
1261 3282 1339 3329 cen-

56 3389 207 3452 seamus,
239 3389 286 3435 an
310 3370 379 3435 iam
403 3373 574 3436 comicum
607 3374 762 3459 atticum,
795 3389 817 3434 a
840 3388 908 3454 quo
936 3372 994 3436 ille
1018 3371 1127 3435 multa
1161 3374 1343 3436 mutuatus

57 3479 110 3560 sit,
134 3480 177 3544 de
196 3497 262 3543 usu
280 3478 387 3542 attico
411 3481 620 3562 cogitantem
644 3479 790 3542 similem
814 3478 1021 3544 sententiam
1043 3480 1256 3560 expressisse
1280 3496 1339 3560 pu-

56 3590 179 3650 temus.
215 3585 299 3651 Veri
322 3587 466 3650 similius
498 3603 573 3651 esse
596 3587 735 3650 videtur
768 3589 904 3666 poetam
932 3584 952 3649 l.
982 3585 1003 3649 l.
1031 3585 1073 3650 de
1098 3603 1161 3648 usu
1194 3585 1341 3650 Athenis

55 3699 252 3776 pervagato
275 3695 483 3758 mentionem
506 3694 641 3758 iecisse.

166 3800 302 3864 Pariter
324 3799 444 3865 eadem
469 3815 578 3864 causa
601 3799 773 3863 adductus
807 3800 1013 3863 senteutiam
1037 3818 1071 3865 v.
1095 3799 1159 3865 626
1183 3799 1338 3864 effictam

57 3908 101 3972 ad
124 3906 308 3987 exemplar
330 3924 498 3988 graecum
520 3908 651 3971 referre
674 3908 798 3972 audeo:

168 4105 189 4170 ¹)
209 4101 308 4171 Eurip.
328 4099 437 4155 Alcest.
456 4118 484 4155 v.
504 4101 565 4155 641.

166 4191 188 4260 ²)
206 4189 314 4244 Heaut.
333 4207 360 4243 v.
380 4191 440 4244 tet.

166 4280 189 4348 ³)
210 4279 322 4333 Andria
341 4295 370 4332 v.
390 4279 449 4334 219.

165 4371 188 4438 ⁴)
208 4369 319 4423 ibidem
339 4386 366 4422 v.
387 4369 449 4424 776.

168 4457 192 4527 ⁵)
211 4459 321 4512 ibidem
340 4475 368 4511 v.
388 4459 449 4512 401.
