3198 5032
791 268 1013 334 ...25-

372 480 549 534 »Meministi
567 495 615 534 me
633 479 790 550 gravidam
808 484 839 534 et
859 473 931 536 mihi
950 485 980 534 te
999 495 1140 534 maxumo
1159 494 1246 550 opere
1266 479 1388 548 edicere,

369 571 394 624 si
412 570 542 640 puellam
560 584 704 640 parerem.
723 570 801 624 nolle
821 569 917 625 tollit«

370 679 423 746 De
445 698 512 763 quo
535 679 667 746 erudeli
691 683 851 746 veterum
874 699 969 745 more
992 682 1056 746 cfr.
1079 681 1265 763 Apuleium
1277 680 1313 760 1);

374 787 559 852 «Maritum
582 786 713 869 habuit,
735 787 835 852 cuius
859 792 958 870 pater
981 803 1126 870 peregre
1152 787 1376 869 proficiscens
1399 789 1557 852 manda-

262 895 316 960 vit
338 894 440 962 uxori
463 913 556 976 suae,
579 896 684 960 matri
708 895 860 961 eiusdem
879 895 1024 975 iuvenis,
1048 903 1087 958 ut
1109 896 1139 959 si
1162 913 1266 960 sexus
1289 895 1460 978 sequioris
1480 897 1557 960 edi-

262 1003 368 1069 disset
390 1005 530 1082 foetum,
554 1003 709 1084 protinus
728 1003 819 1085 qnod
842 1009 932 1068 esset
950 1001 1080 1067 editum
1099 1006 1294 1067 necaretur.
1317 1007 1355 1066 at
1373 1003 1433 1066 illa
1462 1021 1558 1086 prae

224 1105 226 1112 “
263 1108 422 1176 absentia
446 1109 562 1174 mariti
585 1112 706 1174 natam
726 1110 880 1190 puellam
899 1109 1003 1174 insita
1023 1112 1175 1172 matrum
1199 1109 1326 1190 pietate
1349 1116 1558 1191 praeventa

262 1215 412 1282 descivit
435 1217 481 1280 ab
504 1216 666 1301 obsequio
700 1217 814 1280 mariti
844 1235 991 1299 eamque
1024 1216 1172 1298 prodidit
1204 1217 1329 1281 vicinis
1361 1217 1558 1282 alumnam·

262 1325 346 1390 dam
369 1341 595 1407 regressoque
618 1323 689 1388 iam
713 1325 838 1388 marito
863 1329 982 1387 natam
1007 1327 1238 1406 necatamque
1260 1324 1472 1388 nuntiavit».

372 1431 424 1496 De
457 1431 609 1496 moribus
642 1432 834 1507 mulierum,
867 1448 958 1514 quae
991 1431 1026 1494 in
1060 1431 1224 1514 ornandis
1252 1449 1289 1496 se
1311 1435 1347 1496 et
1369 1433 1557 1496 comendis

265 1540 418 1604 maxime
450 1538 514 1602 sibi
546 1539 686 1620 placere
718 1540 866 1620 student,
898 1545 960 1602 aut
992 1555 1104 1621 neque
1126 1538 1250 1602 volunt
1281 1547 1393 1622 neque
1415 1539 1558 1606 hebent

264 1647 370 1712 tinem
404 1663 590 1727 morarum,
623 1663 871 1727 saepenumero
903 1647 944 1710 iit
978 1645 1105 1710 mentio
1128 1645 1221 1728 apud
1244 1647 1394 1711 comicos
1417 1651 1555 1727 poetas.

267 1751 446 1830 Plautus¹l
477 1753 658 1818 mulierem
691 1754 846 1834 profecto
878 1771 924 1819 ex
956 1754 1032 1834 ipsa
1064 1769 1163 1816 mora
1195 1758 1315 1817 natam
1337 1770 1412 1819 esse
1435 1758 1555 1835 putat.
1585 1739 1586 1756 ¹

265 1861 310 1926 nt
332 1858 462 1926 Olinias
484 1861 578 1941 apud
611 1860 843 1939 Terentiumb
875 1865 976 1942 rogat
1008 1858 1259 1942 Clitiphontem,
1287 1861 1426 1943 quando
1450 1862 1554 1926 Anti-
1585 1853 1586 1858 ’

265 1968 362 2050 phila
385 1986 467 2033 cum
490 1971 603 2032 matre
626 1972 778 2034 ventura
801 1969 858 2033 sit:
882 1969 1030 2033 Etcum
1053 1969 1110 2032 hio
1138 1968 1224 2031 «iam
1249 1968 1417 2032 aderunt»
1444 1968 1553 2033 dixis-

266 2078 327 2153 set,
351 2076 410 2142 ille
433 2075 569 2158 rogitat,
591 2078 730 2160 quando
758 2077 849 2140 istuc
876 2076 985 2140 «iam»
1010 2077 1166 2140 futurum
1194 2075 1256 2146 sit?
1279 2076 1366 2140 Tum
1386 2073 1550 2158 Clitipho:

378 2182 494 2250 «Nosti
515 2201 629 2248 mores
653 2184 850 2248 mulierum:

379 2289 490 2354 «Dum
514 2290 711 2370 moliuntur,
735 2291 817 2355 dum
842 2295 1033 2367 comantur,
1056 2307 1170 2354 annus
1194 2297 1275 2354 est».

374 2395 501 2462 Utrum
535 2397 592 2462 hic
624 2415 697 2461 mos
730 2395 945 2463 Graecorum
978 2397 1216 2462 consuetudini
1249 2397 1466 2480 respondeat,
1505 2416 1551 2463 an

266 2505 313 2569 ad
336 2523 392 2570 res
415 2502 591 2570 Romanas
614 2505 726 2588 magis
749 2510 890 2588 spectet,
922 2521 985 2588 pro
1008 2507 1103 2570 certo
1126 2505 1306 2569 affirmare
1329 2523 1397 2569 non
1421 2507 1553 2584 ausim3

268 2613 333 2677 nisi
353 2629 438 2678 vero
457 2612 599 2684 credere
618 2613 733 2676 mavis
752 2613 1036 2678 consuetudinem
1060 2613 1152 2676 bano
1175 2613 1360 2677 mulierum
1383 2611 1419 2676 in
1443 2615 1551 2678 omni-

267 2721 333 2784 bus
357 2719 554 2784 nationibus
578 2737 687 2803 usque
711 2721 755 2784 ad
780 2721 921 2784 ultimas
945 2724 1058 2784 terras
1081 2720 1188 2800 vulgo
1211 2724 1330 2783 notam
1352 2737 1437 2786 esse.

376 2825 587 2891 Bacchidem
610 2831 729 2892 autem
752 2833 989 2909 sumptuosam
1008 2827 1115 2892 fuisse
1132 2826 1217 2890 dicit
1234 2823 1381 2907 Clitipho
1391 2825 1423 2904 ⁴).
1453 2827 1550 2894 Sum·

269 2937 410 3016 ptuosas
434 2951 477 2998 ac
501 2932 663 3016 prodigas
686 2935 792 2999 fuisse
815 2934 1015 2999 meretrices
1039 2933 1163 2998 docent
1185 2933 1285 2998 multi
1312 2935 1407 3013 apud
1431 2938 1552 3015 poetes

267 3057 413 3126 graecos
432 3042 508 3105 loci.
528 3039 696 3123 Exemplo
715 3048 767 3106 est
783 3041 1032 3122 Aristophanes
1045 3040 1081 3103 in
1097 3039 1253 3104 Nubibus
1264 3038 1299 3122 ⁶),
1318 3040 1376 3103 ubi
1390 3041 1549 3124 legimus:

591 3162 641 3232 ἐγὼ
662 3166 718 3216 t’tv
738 3163 802 3234 αὐτῇ
822 3159 966 3235 θὀἰμάτιον
985 3161 1081 3224 δεικνὺς
1100 3164 1154 3214 τοδί

576 3254 714 3324 ’πρόφασιν
733 3253 850 3326 ἔφασκον,
870 3248 891 3304 ὦ
911 3253 992 3321 γύναι,
1010 3253 1068 3304 λίαν
1087 3253 1195 3320 σπαθᾷς.

376 3362 510 3444 Quibus
534 3365 653 3430 verbis
675 3365 860 3445 respondet
882 3369 997 3428 astute
1021 3361 1185 3448 Θεραπώνε

377 3473 479 3534 ἔλαιον
501 3476 571 3558 ἡμῖν
594 3476 649 3534 οὐκ
672 3469 762 3536 ἔνεστ’
790 3473 820 3532 ἐν
843 3479 889 3555 τῷ
912 3471 1022 3556 λύχνῳ,
1055 3471 1179 3536 mulier
1202 3470 1307 3534 Valde
1339 3469 1483 3551 prodiga
1516 3487 1553 3534 es

269 3586 306 3646 et
328 3597 465 3646 servus:
489 3580 602 3645 oleum
626 3580 723 3643 nobis
747 3597 816 3642 non
838 3579 928 3644 inest
950 3577 986 3642 in
1009 3579 1163 3642 lucerna.
1186 3575 1286 3657 Quae
1304 3576 1372 3640 illis
1390 3576 1553 3640 versibus

271 3689 501 3768 continentur,
517 3686 730 3752 conveniunt
739 3686 784 3749 ad
799 3685 988 3749 avaritiam
1003 3685 1305 3750 meretricularum
1319 3683 1551 3748 indicandam.

272 3795 403 3860 Verum
413 3794 576 3859 nimirum
587 3798 639 3860 est
650 3794 734 3858 illud
745 3809 926 3875 graecum:
937 3797 1007 3854 οὔτε
1018 3793 1108 3865 αὐλός
1118 3792 1241 3878 ἑταίραν
1251 3782 1314 3852 οἶδε
1323 3790 1501 3876 προτρέπειν
1514 3826 1551 3835 -

270 3902 410 3990 ἀργυρίου
432 3901 534 3988 χωρίςε
560 3920 627 3966 non
650 3902 770 3966 didicit
793 3918 934 3965 movere
957 3899 1091 3981 puellas
1113 3881 1205 3978 tibia,
1229 3899 1257 3964 si
1280 3898 1372 3962 absit
1394 3899 1553 3980 pecunia.

382 4113 401 4185 ¹)
422 4114 531 4183 Apulei
551 4113 668 4168 Metam.
688 4112 724 4166 X.
743 4128 765 4166 c.
787 4113 829 4167 23.
849 4128 875 4181 p.
897 4111 948 4168 196
969 4109 1120 4182 (Eyssenh.
1141 4109 1196 4174 ed.)

382 4207 404 4273 ’ρ
423 4204 525 4257 Militis
544 4203 666 4271 gloriosi
685 4219 714 4256 v.
737 4201 813 4257 1292.

382 4295 403 4362 8)
424 4293 531 4346 Heaut.
551 4309 579 4347 ν.
599 4293 660 4361 238,
680 4307 742 4360 sqq.

380 4385 402 4452 ⁴)
424 4381 524 4436 Heaut
542 4401 569 4436 ν.
590 4383 650 4438 22Ί.

382 4473 403 4541 ⁵)
422 4472 553 4526 Nubium
573 4489 601 4526 ν.
621 4472 664 4527 54.
