3198 5032
742 249 785 320 ..⁸
807 274 873 364 Ι,10
913 247 988 322 .-”

210 487 306 570 apud
325 487 555 562 Menandrum
588 486 726 552 domum
750 473 899 552 intrasse
909 487 1113 553 arbitratus
1143 495 1205 570 est,
1238 491 1276 553 ut
1294 479 1495 571 argentum
1520 521 1525 532 ·

212 593 456 677 redemptionis
488 595 637 661 ecferret
673 593 854 677 ibiquede
875 594 951 659 iilia
974 612 1039 660 sua
1062 597 1177 659 omnia
1200 595 1360 688 rescisse3
1382 590 1496 676 ‘totam

210 704 328 768 autem
353 703 590 786 insequentem
614 695 779 767 scaenam
802 718 870 766 non
894 705 1012 766 actam
1031 701 1091 767 sed
1110 708 1292 767 narratam
1311 703 1405 785 apud
1423 703 1495 771 Me·
1515 685 1530 756 ⁴.

211 809 387 874 nandrum
409 809 524 874 inisse.
556 807 655 888 Quae
679 809 880 876 coniectura
912 808 1095 873 viridocti
1118 808 1224 874 dubia
1247 810 1331 902 mihi
1354 811 1495 893 quidem

211 934 288 981 esse
310 916 458 981 videtur.
491 913 655 982 Chremes
682 917 774 981 enim
798 933 877 996 cum
904 914 1000 1003 Syro
1015 914 1159 981 dixisset
1190 895 1301 981 verba
1337 918 1493 984 »eciero
1532 983 1539 995 ,

209 1027 256 1102 (ν.
222 1023 362 1105 118041
390 1041 429 1088 re
451 1040 539 1088 vera
562 1023 648 1087 abiit
670 1023 818 1104 domum,
852 1028 890 1090 ut
920 1029 1106 1105 argentum
1139 1024 1301 1104 ecierret3
1335 1025 1496 1112 sequitur

212 1131 420 1213 colloquium
444 1129 525 1211 Syri
549 1146 630 1193 cum
648 1109 856 1212 Clitiphonte
856 1129 1074 1220 ,¹,)dumque
1093 1128 1240 1213 Clitipho
1259 1131 1363 1230 longa
1381 1149 1425 1199 ao
1444 1133 1493 1198 la·
1533 1189 1538 1196 .

212 1239 348 1303 boriosa
371 1237 582 1302 deambulat
559 1242 650 1302 hone
672 1237 784 1302 fessus
802 1253 906 1302 rever
907 1238 992 1302 titur
1011 1241 1176 1317 metuens,
1195 1256 1240 1302 ne
1257 1236 1370 1306 denuo
1388 1240 1496 1305 niiser

211 1344 379 1410 extrudat
365 1349 432 1426 tur,
455 1345 509 1408 ira
533 1345 694 1409 incensus
717 1344 801 1408 dicit
787 1342 925 1427 tSyro:
1291 1399 1295 1410 .

322 1451 390 1516 Ut
376 1455 442 1516 tte
460 1451 600 1534 quidem
618 1451 653 1514 di
671 1439 826 1534 deaeque
844 1469 962 1516 omnes
981 1455 1197 1534 quamtumst
1211 1469 1290 1515 curn
1308 1458 1375 1534 tuo,
1393 1443 1494 1546 Syre,
1512 1505 1516 1512 .

210 1560 298 1624 istoc
322 1559 464 1623 invento
488 1575 637 1641 cumque
660 1558 797 1640 incepto
821 1558 1000 1640 perduint«
986 1557 1049 1638 «.’)
1154 1555 1156 1560 '

318 1668 399 1730 Post
399 1683 441 1730 ea
456 1671 574 1730 autem
589 1683 718 1748 magna
732 1667 840 1729 animi
858 1665 1074 1748 aegritudine
1089 1667 1268 1732 coniectus
1283 1667 1494 1736 Bacchidem

210 1773 305 1855 apud
328 1771 476 1838 Cliniam
499 1791 575 1838 esse
598 1774 774 1856 comperit,
807 1787 888 1858 mox
911 1791 933 1836 a
957 1792 1059 1838 servo
1082 1774 1232 1838 astutiae
1256 1775 1357 1854 pleno
1381 1775 1491 1839 affici·

211 1885 270 1944 tur
292 1880 418 1962 gaudio
441 1884 477 1945 et
498 1881 639 1964 laetitia,
662 1881 722 1964 qui
745 1899 767 1944 a
786 1870 887 1963 patre
909 1885 1093 1962 argentum
1112 1881 1182 1943 iam
1202 1881 1326 1946 ecferri
1346 1879 1493 1962 nuntiat.

211 1986 256 2050 Et
277 1988 344 2052 hoc
368 1989 531 2069 temporis
554 1996 726 2053 momento
750 1993 850 2070 pater
873 1989 973 2053 domo
995 1987 1180 2070 egreditur.

319 2095 366 2158 At
388 2095 501 2160 altera
520 2095 589 2160 viri
608 2095 698 2161 docti
719 2096 929 2178 coniectura,
948 2113 1019 2178 qua
1034 2100 1177 2176 patrem,
1192 2113 1271 2160 cum
1287 2097 1378 2161 domi
1391 2077 1493 2176 esset,

212 2204 328 2267 omnia
347 2203 390 2268 de
408 2204 482 2268 iilia
502 2205 647 2268 rescisse
667 2203 874 2284 suspicatur.
893 2204 1022 2268 nullius
1040 2206 1093 2268 est
1106 2203 1278 2284 momenti,
1293 2221 1374 2284 cum
1388 2199 1492 2270 Chre·

212 2325 285 2374 mes
318 2310 388 2374 iam
421 2310 554 2392 pridem
582 2327 664 2374 cum
698 2309 863 2392 Sostrata,
895 2310 1048 2390 Nutrice‚
1081 2309 1170 2391 Syro
1202 2311 1260 2375 diu
1289 2309 1493 2396 collocutus,

211 2417 328 2482 omnia
360 2417 403 2482 de
434 2417 508 2482 iilia
532 2418 751 2500 cognovisset
774 2422 809 2482 et
831 2418 1006 2500 ingenium
1039 2417 1254 2499 mutavisset,
1287 2433 1368 2486 nam
1400 2398 1493 2488 ¹»tion

211 2524 294 2590 licet
317 2525 490 2590 hominem
513 2543 588 2590 esse
611 2542 721 2610 saepe
738 2526 787 2589 ita
810 2530 850 2589 ut
872 2526 958 2605 vult,
982 2525 1011 2590 si
1034 2543 1090 2590 res
1113 2543 1181 2589 non
1205 2525 1305 2596 sinit«,
1318 2524 1357 2604 11.
1454 2507 1459 2516 ’
1495 2507 1500 2520 ’

319 2862 369 2928 Re
392 2863 434 2928 de
457 2863 732 2947 difficultatibus,
755 2882 846 2947 quae
869 2864 904 2927 in
919 2859 1093 2929 'contextu
1116 2864 1253 2929 Terenti
1272 2837 1433 2928 Heauton
1451 2841 1492 2926 11-

211 2970 403 3035 morumeni
422 2975 621 3054 occurrunt,
650 2976 794 3053 peracta
807 2989 906 3050 nunc
925 2971 970 3035 ad
989 2971 1186 3053 fragmenta
1209 2971 1350 3036 fabulae
1373 2985 1491 3036 recen-

212 3078 319 3143 senda
344 3085 490 3144 transeo.
513 3076 567 3143 Ac
591 3080 741 3160 primum
764 3079 806 3144 de
829 3079 967 3144 nomine
994 3078 1135 3143 fabulae
1167 3079 1373 3144 mentionem
1406 3077 1493 3144 iacit
1569 3094 1573 3103 ·

213 3183 376 3268 Calenus,
399 3185 614 3251 clarissimus
638 3187 781 3252 secundi
805 3185 937 3251 saeculi
960 3203 991 3268 p.
1014 3183 1093 3251 Chr.
1117 3186 1280 3265 medicus,
1311 3187 1370 3269 qui
1394 3187 1430 3249 in
1453 3186 1491 3248 li-

212 3292 283 3371 bro,
306 3311 374 3376 quo
398 3310 453 3358 res
477 3292 520 3358 de
543 3294 634 3358 raris
667 3291 890 3376 Hippocratis
922 3292 1103 3357 vocabulis
1136 3298 1319 3374 tractatur,
1352 3291 1493 3374 scripsit

212 3400 314 3464 haec:
338 3391 470 3486 διαφέρει
494 3393 528 3462 δὲ
550 3403 588 3462 τὸ
612 3408 754 3487 τιμωρῶν
780 3409 836 3461 τοῦ
855 3400 1084 3486 τιμωρούμενος,
1105 3403 1121 3462 ὃ
1139 3400 1218 3486 μετὰ
1235 3405 1290 3486 τῆς
1308 3399 1494 3486 καλουμένης
1519 3375 1523 3389 ¹

213 3511 383 3592 αἰτιατικῆς
415 3508 549 3594 σημαίνει
571 3511 609 3570 τὸ
633 3498 765 3580 κολάζον
795 3506 988 3589 (legendum
1020 3498 1177 3586 κολάζων).
1211 3503 1324 3580 Οὕτως
1346 3505 1492 3593 γοῦνααὶ
1537 3484 1542 3492 ⁸

212 3613 324 3674 ἑαυτοῦ
355 3615 576 3701 τιμωρούμενος
603 3614 823 3701 ἐπιγέγραπται
845 3617 883 3676 τὸ
908 3606 1082 3700 Μενάνδρου
1106 3607 1248 3701 δρᾶμα41
1271 3613 1326 3678 Ex
1348 3614 1422 3696 ipso
1444 3616 1491 3678 ni·

212 3720 338 3784 mirum
362 3722 502 3805 prologo
526 3721 731 3788 Terentiano
759 3723 863 3787 facile
886 3723 1040 3806 intellegi
1064 3727 1174 3804 potest
1196 3723 1304 3786 inisse
1326 3739 1492 3804 graecam
1513 3703 1518 3711 ¹

210 3827 368 3892 fabulam
389 3825 524 3891 Ἑαυτὸν
541 3829 774 3916 τιμωρούμενοντ

358 4023 465 4078 Heaut.
486 4040 513 4076 v.
533 4023 683 4078 804-831.

354 4111 462 4167 Heaut.
482 4130 509 4165 v.
530 4113 583 4166 810
602 4128 643 4180 sq.

357 4201 503 4256 Heautv
505 4203 592 4256 ..666

331 4291 495 4357 )Meineke
514 4290 595 4359 Aug.
615 4291 794 4360 Fragmenta
810 4297 963 4362 poetarum
978 4289 1146 4344 comoediae
1156 4306 1251 4345 novae
1266 4289 1396 4344 Berolini
1412 4289 1490 4344 1841.
1568 4362 1571 4371 Ι

211 4398 237 4451 p
267 4381 319 4436 110
347 4395 408 4450 sqq.
437 4387 466 4435 et
494 4380 602 4434 Theod.
632 4381 729 4436 Koolr.
756 4379 939 4437 Comicorum
965 4378 1132 4434 Atticorum
1158 4381 1328 4449 fragmenta
1353 4373 1412 4434 vol.
1438 4377 1491 4434 ΙΙΙ.
1568 4378 1572 4387 “

210 4469 329 4540 Lipsiae
349 4471 464 4540 1888p.
483 4470 526 4524 41.
869 4495 876 4506 ·
