3198 5032
642 315 859 379 -11-

326 523 383 578 »Ne
403 525 474 594 quoi
493 525 531 579 sit
550 529 684 580 vostrum
703 526 822 594 mirum,
842 540 917 594 quor
936 528 1028 596 partis
1047 529 1109 580 seni

323 613 414 668 Poeta
433 614 559 681 dederit,
578 630 656 684 quae
675 619 745 669 sunt
764 615 1016 672 adulescentium:

322 703 356 758 Id
377 704 506 774 primurn
526 703 631 772 dicam,
650 703 758 758 deinde
776 705 856 773 qnod
874 706 944 758 veni
963 707 1095 775 eloquar.

320 793 367 846 Ex
385 795 506 862 integra
524 809 633 862 graeca
652 795 803 862 integram
821 794 1003 852 comoediam

321 882 419 937 Hodie
438 899 502 938 sum
522 889 645 938 acturus
665 881 805 938 Heauton
824 884 1060 940 timorumenon«
1072 885 1100 952 ¹).

215 989 320 1056 Haud
344 991 486 1057 dubium
510 993 615 1075 igitur
638 998 699 1074 est,
717 993 802 1075 quin
821 991 1001 1058 Terentius
1020 1011 1186 1076 graecam
1205 993 1302 1058 illam
1321 994 1390 1060 Me·

106 1095 235 1162 nandri
257 1099 415 1163 fabulam
438 1105 520 1164 ante
543 1100 661 1165 oculos
685 1098 845 1165 habuerit
864 1118 1011 1182 eamque
1030 1100 1137 1165 latino
1156 1118 1314 1167 sermone
1332 1119 1389 1167 ex-

102 1207 280 1285 presserit.

214 1312 299 1377 Mihi
331 1313 470 1397 quidem
494 1313 730 1396 perlustranti,
757 1331 848 1396 quae
881 1315 948 1378 viri
981 1314 1072 1378 docti
1104 1314 1237 1379 dehac
1269 1315 1390 1379 fabula

102 1419 224 1485 adhuc
247 1421 470 1504 scripserunt,
494 1421 650 1486 nonnulli
683 1421 872 1502 plurimum
895 1439 1021 1502 operae
1044 1421 1079 1485 in
1103 1422 1171 1486 hac
1194 1421 1317 1486 fabula
1339 1438 1390 1488 re·

105 1527 282 1592 censenda
301 1528 556 1610 consumpsisse
578 1527 751 1593 videntur.
774 1527 822 1592 At
841 1527 996 1609 Nencini,
1015 1545 1096 1592 cum
1115 1528 1157 1593 de
1176 1547 1218 1594 ea
1237 1529 1391 1611 ageret‘)

105 1631 325 1704 Chremetem
358 1635 543 1717 primarias
567 1635 603 1698 in
627 1635 694 1699 hac
716 1635 838 1699 tabula
861 1639 979 1717 partes
1002 1634 1165 1700 habuisse
1188 1635 1391 1720 arbitratur,

105 1742 168 1807 sed
191 1741 431 1808 Menedemum
455 1742 596 1807 fabulae
618 1759 757 1807 nomen·
775 1740 946 1807 indidisse.
988 1740 1088 1821 Quae
1121 1743 1292 1807 sententie
1321 1744 1391 1808 viri

106 1847 198 1914 docti
222 1850 306 1915 mihi
329 1848 467 1934 quidem
500 1868 568 1914 non
592 1850 716 1932 placet.
748 1847 969 1932 Quicumque
1000 1851 1092 1915 enim
1117 1849 1209 1915 hanc
1232 1851 1391 1916 fabulam

103 1957 270 2040 quamvis
289 1958 511 2040 neglegenter
530 1956 722 2039 perlegerit,
745 1957 850 2021 facile
868 1956 1044 2040 intelleget
1063 1956 1303 2023 Menedemum
1321 1974 1390 2023 non

104 2082 182 2131 csse
204 2083 243 2130 se
262 2066 374 2147 ipsum
394 2065 611 2130 cruciantem
630 2064 691 2129 sed
710 2061 937 2128 Chremetem.
959 2063 1000 2128 ln
1019 2064 1288 2147 primoquidem
1307 2069 1390 2130 actu

102 2171 268 2236 'videmus
293 2172 534 2237 Menedemum
557 2172 635 2254 plus
659 2171 763 2235 nimio
787 2188 861 2236 sese
885 2172 1112 2254 cruciantem,
1140 2175 1322 2236 strenuum
1345 2189 1390 2236 ac

104 2277 317 2344 laboriosum
340 2297 467 2361 senem,
500 2280 559 2362 qui
583 2278 766 2360 sexaginta
790 2295 900 2343 annos
923 2284 1027 2342 natus
1060 2296 1242 2343 servorum
1265 2279 1389 2343 officiis

104 2385 273 2468 iungitur.
310 2385 510 2469 Numquam
532 2390 606 2450 tam
630 2402 733 2451 mane
756 2385 855 2449 domo
878 2386 1055 2468 egreditur
1086 2383 1259 2467 Chremee,
1291 2403 1388 2450 num·

102 2510 213 2577 quam
245 2497 318 2558 tam
351 2493 489 2574 vesperi
512 2492 711 2574 revertitur,
734 2493 818 2575 quin
841 2510 959 2558 senem
981 2493 1017 2555 in
1039 2493 1146 2557 tundo
1169 2493 1389 2575 conspicetur

105 2600 225 2666 iodere
243 2606 306 2665 aut
323 2618 427 2666 arare
446 2606 508 2664 aut
526 2599 657 2682 aliquid
676 2600 776 2665 ferre.
800 2599 847 2664 At
865 2617 908 2664 ea
931 2617 987 2665 res
1006 2598 1136 2664 nullius
1154 2606 1206 2665 est
1224 2600 1389 2665 momenti

103 2707 152 2772 ad
171 2708 311 2772 titulum
329 2708 471 2774 iabulae
489 2707 748 2773 declarandum.
768 2707 885 2772 Potius
903 2702 1068 2772 Chremes
1086 2707 1169 2771 dum
1189 2706 1389 2772 Menedemo

105 2819 206 2881 recta
225 2814 287 2880 dat
305 2815 458 2896 consilia,
477 2815 541 2879 sibi
560 2816 633 2897 ipse
656 2815 837 2878 consulere
860 2815 971 2880 nescit
993 2817 1028 2879 et
1045 2816 1129 2879 dum
1149 2815 1300 2897 loquitur
1319 2814 1387 2879 Me·

106 2922 294 2989 nedemum
316 2922 352 2986 in
374 2923 487 2987 filium
509 2922 579 2988 leni
602 2923 737 3005 ingenio
760 2939 844 3003 esse,
866 2921 979 2986 filium
1001 2926 1120 2986 autem
1143 2921 1388 3005 obsequentem

104 3029 135 3094 si
159 3031 238 3114 quis
260 3036 356 3096 recte
379 3034 442 3094 aut
465 3030 643 3095 commode
665 3046 745 3094 eum
764 3032 893 3093 tractet
911 3046 1023 3111 neque
1043 3029 1283 3095 Menedemum
1304 3029 1389 3093 satis

102 3137 220 3203 iillum
244 3137 383 3202 novisse
405 3155 517 3220 neque
540 3137 639 3201 illum
662 3140 799 3218 patrem
823 3173 862 3180 -
888 3140 924 3200 et
945 3135 1080 3200 deinde:

268 3260 331 3314 »Tu
350 3261 435 3315 illum
454 3276 619 3329 numquam
638 3258 803 3328 ostendisti,
822 3260 928 3327 quanti
947 3259 1098 3328 penderes,

266 3349 327 3404 Nec
347 3350 402 3404 tibi
420 3351 500 3403 illest
518 3349 638 3403 credere
658 3365 748 3403 ausus
767 3364 844 3418 quac
864 3352 910 3402 est
926 3363 1054 3416 aequom
1073 3349 1159 3417 petri.

267 3437 350 3502 Quod
370 3441 394 3493 si
413 3445 490 3492 esset
509 3441 630 3507 factum,
650 3439 723 3492 haec
742 3453 906 3506 numquam
927 3437 1095 3491 evenissent
1113 3436 1183 3489 tibi«
1195 3435 1223 3502 ³).

103 3551 246 3633 ignorat
268 3549 356 3615 haec
380 3549 491 3614 verba
515 3549 579 3612 sibi
609 3549 675 3631 ipsi
697 3550 825 3632 optime
847 3547 1045 3628 convenire,
1076 3547 1204 3629 quippe
1237 3546 1296 3628 qui
1328 3545 1387 3609 ha·

103 3658 188 3724 beat
209 3655 321 3720 filium
345 3653 598 3738 Clitiphontem,
621 3657 681 3739 qui
704 3656 842 3740 quidem
866 3672 935 3720 non
957 3655 1046 3737 iugit
1069 3654 1105 3717 in
1124 3653 1245 3718 Asiam
1264 3651 1386 3716 milita-

104 3769 181 3829 tum
205 3765 265 3828 scd
288 3765 394 3828 habet
416 3763 507 3828 domi
531 3765 749 3829 meretricem
773 3763 880 3828 inscio
904 3766 1005 3845 patre
1027 3762 1198 3844 struitque
1219 3776 1388 3823 unacum

102 3887 208 3937 servo
230 3871 392 3935 fallacias
416 3871 516 3952 patri.

215 3975 355 4043 Deinde'
371 3996 454 4042 oum
477 3976 624 4060 Clitipho
656 3996 774 4042 omnes
799 3981 916 4059 patres
949 3977 1083 4058 iniquos
1106 3976 1142 4039 in
1165 3991 1283 4040 omnes
1307 3973 1388 4036 adu-

108 4087 281 4152 lescentes
299 4084 430 4148 iudices
448 4086 603 4167 appellat
613 4081 646 4164 ⁴),
666 4087 725 4166 qui
744 4101 896 4167 acquum
914 4100 989 4148 esse
1007 4086 1174 4147 censeant
1188 4082 1388 4146 adulescen-

215 4245 235 4311 ¹)
255 4244 363 4298 Heaut.
384 4244 497 4312 prolog.
517 4259 545 4296 v.
567 4245 581 4296 1
602 4258 663 4310 sqq.

215 4337 235 4400 ²)
252 4333 378 4388 Nencini
396 4349 423 4402 p.
443 4333 486 4388 68.

214 4424 237 4491 ⁸)
254 4423 363 4478 Heaut.
381 4439 409 4477 v.
431 4423 482 4477 155
501 4437 542 4492 sq.

215 4513 237 4580 ⁴)
255 4512 365 4567 ibidem
384 4529 412 4567 v.
431 4512 492 4566 213.
