3198 5032
761 281 979 348 „13-

228 500 335 562 auton
357 495 613 575 Timorumeno;
635 511 704 558 non
732 495 842 577 potuit
864 496 970 577 igitur
998 494 1163 562 Chremes
1186 497 1358 564 auxilium
1391 506 1521 573 amicis

227 606 320 669 ferre
341 603 378 668 in
400 602 539 684 iudici03
562 605 601 666 at
624 600 824 667 Menedemo
847 602 982 668 vicinos
1000 598 1178 686 ambigere
1196 605 1239 670 de
1258 606 1389 674 linibus
1408 627 1519 697 seque

228 709 399 773 arbitrum
422 711 566 790 captum
590 725 665 774 esse
688 708 734 772 ab
757 707 799 772 iis
821 709 969 773 nuntiat.
993 709 1175 775 Privatam
1198 714 1318 778 tamen
1337 714 1435 782 litem
1454 739 1515 802 pu-

229 821 281 881 tat
304 816 450 881 Nencini
473 821 593 880 actam
616 817 651 882 ct
674 817 710 880 in
733 817 875 898 privata
899 817 959 882 lite
981 818 1036 883 die
1059 818 1147 884 testo
1168 835 1245 883 esse
1263 821 1437 888 arbitrum
1454 843 1512 908 po-

228 925 334 989 tuisse
366 941 577 1007 quemquam
609 922 734 988 docent
766 923 868 988 varia
901 924 1062 1006 exempla
1086 944 1105 990 e
1128 925 1341 992 comicorum
1372 932 1509 1013 scriptis

228 1035 377 1114 sumpta.
390 1030 411 1109 ¹)
433 1029 595 1096 Ceterum
613 1049 633 1095 e
651 1049 686 1095 v.
706 1031 771 1096 733
789 1031 904 1098 elucet
921 1037 957 1097 et
975 1035 1112 1114 postero
1130 1032 1185 1098 die
1208 1032 1378 1116 Dionysia
1393 1037 1508 1104 fuisse.

227 1139 279 1204 Ibi
302 1140 394 1204 enim
418 1138 567 1203 Bacchis
596 1137 787 1221 Phrygiam
812 1143 935 1220 monet,
969 1143 1008 1202 ut
1039 1138 1215 1205 curriculo
1248 1149 1431 1222 percurrat
1459 1149 1506 1211 ad

226 1246 359 1326 villam,
382 1262 489 1329 quam
502 1244 627 1309 villam
645 1242 787 1310 Charini
797 1247 908 1311 'homo
927 1247 1192 1313 demonstravit:
1208 1249 1300 1328 apud
1316 1267 1398 1316 eum
1413 1255 1507 1324 miles

227 1353 396 1435 Dionysia
419 1352 531 1434 agitat
544 1350 579 1437 ²).

332 1457 413 1525 Huc
436 1459 573 1526 accedit
595 1461 830 1542 fragmentum
854 1461 1026 1527 incertum
1045 1460 1111 1523 ἀλλ’
1134 1461 1170 1547 ἢν
1187 1464 1283 1548 χιτών
1301 1485 1347 1525 σοι
1358 1464 1388 1544 ³),
1418 1475 1515 1552 quod

225 1568 271 1632 ad
294 1586 398 1653 quem
417 1567 646 1634 Terentianae
663 1567 806 1632 fabulae
826 1569 941 1633 locum
959 1569 1179 1634 referendum
1199 1571 1243 1634 sit
1262 1571 1433 1638 incertum
1445 1587 1515 1643 est.

226 1675 307 1739 Pari
329 1675 429 1739 modo
452 1675 688 1756 fragmentum
717 1677 820 1738 ταῦτά
852 1698 899 1737 σοι
931 1677 983 1739 καὶ
1006 1675 1114 1739 Πύθια
1135 1678 1187 1738 καὶ
1211 1675 1321 1764 Δήλια,
1344 1681 1436 1762 quod
1457 1688 1510 1748 at·

226 1781 305 1845 tulit
328 1780 517 1862 Kockiusi)
538 1801 606 1866 quo
630 1783 810 1864 pertineat,
833 1801 902 1848 non
925 1784 1037 1849 video.
1141 1801 1144 1810 ·

332 1890 380 1954 At
403 1888 595 1954 Flaminius
617 1887 798 1969 Nencini⁶)
822 1890 941 1955 attulit
964 1890 1032 1954 tria
1051 1891 1251 1973 fragmenta
1271 1893 1425 1958 incertae
1442 1898 1509 1958 ori-

225 1997 325 2080 ginis,
347 2014 495 2080 quorum
519 2014 628 2061 unum

546 2103 606 2153 ὅταν
625 2101 696 2171 φύσει
714 2101 743 2154 τὸ
762 2102 858 2179 κάλλος
877 2101 999 2172 ἐπικοσμῇ
1017 2103 1109 2178 τρόπος

548 2192 662 2261 λΡηῦῖός.
682 2190 819 2252 διπλασίως
838 2193 852 2242 ὁ
871 2190 983 2261 προσιὼν
1004 2191 1132 2244 ἁλίσκεται

225 2281 444 2349 referendum
462 2301 539 2349 csse
558 2285 676 2348 censet
694 2281 739 2345 ad
754 2282 938 2347 Bacchidis
957 2283 1069 2347 verba
1092 2283 1306 2365 Antiphilam
1333 2285 1511 2349 laudantis
1591 2325 1592 2330 κ

225 2409 371 2474 eamque
393 2393 608 2456 fortunatam
630 2389 848 2472 appellantis,
872 2407 953 2454 cum
977 2390 1156 2472 studuerit,
1179 2390 1312 2455 formae
1336 2397 1374 2455 ut
1391 2409 1509 2458 mores

225 2499 419 2564 consimiles
437 2499 550 2562 forent
570 2515 681 2581 neque
699 2497 848 2562 Bacchis
868 2499 1025 2580 miratur,
1047 2497 1077 2561 si
1098 2497 1312 2579 Antiphilam
1331 2497 1397 2561 sihi
1415 2501 1510 2581 quis·

224 2625 292 2690 que
314 2607 459 2688 expetit:

335 2711 1508 2796 »Minumequeitamediamentmirorsitesibiquisqueexpctit«⁶t

332 2819 470 2886 Graeca
493 2821 604 2885 verba
627 2839 649 2884 a
672 2820 790 2885 verbis
812 2818 999 2884 Bacchidis
1028 2836 1096 2883 non
1118 2819 1308 2883 abhorrere
1332 2837 1432 2884 nemo
1454 2827 1511 2884 est

223 2928 307 3012 quin
331 2929 458 2993 videat.
483 2927 642 2992 Alterum
667 2926 753 2991 illud
765 2925 799 3005 ll:

544 3030 699 3102 Αἰσχύνομαι
717 3030 761 3083 τὸν
779 3033 882 3102 πατέρα,
901 3031 1057 3101 Κλειτοφῶν,
1074 3030 1154 3101 μόνον

545 3121 700 3190 ἀντιβλέπειν
720 3120 813 3173 ἐκεῖνον
833 3121 862 3173 οὔ
882 3121 1023 3190 δυνήσομαι

546 3210 700 3278 ἀδικῶν,τά
720 3209 812 3263 δ’ἄλλα
832 3211 922 3282 ῥαδίως
941 3210 1096 3282 χειρώσομαι

224 3301 470 3368 conferendum
493 3319 568 3368 esse
592 3306 710 3368 censet
733 3299 879 3367 Nencini
902 3320 984 3367 cum
1004 3299 1129 3367 Heaut.
1152 3320 1185 3367 v.
1207 3300 1280 3383 700,
1300 3301 1357 3366 ubi
1376 3297 1507 3363 Clinias
1590 3283 1591 3300 ¹

223 3408 361 3492 Syrum,
384 3410 443 3492 qui
468 3407 678 3474 Bacchidem
702 3427 796 3474 nunc
819 3427 888 3474 non
911 3409 1176 3493 relinquendam
1200 3408 1291 3472 domi
1313 3405 1372 3472 sed
1395 3403 1504 3471 abdu-
1590 3399 1591 3484 i

223 3517 370 3583 cendam
394 3534 469 3582 esse
492 3517 694 3600 arbinatur,
726 3517 812 3580 istoc
835 3515 921 3580 nihil
944 3534 1019 3582 esse
1050 3515 1241 3580 adversum
1273 3513 1344 3579 suis
1376 3513 1510 3596 nuptiis

223 3629 346 3689 monet
369 3619 414 3688 Et
437 3627 524 3706 post:

332 3729 442 3798 »Nam
466 3750 534 3814 quo
557 3749 616 3797 ore
639 3731 822 3813 appellabo
845 3729 1000 3812 patrem?
1022 3734 1119 3795 tenes
1142 3727 1225 3812 quid
1248 3727 1385 3793 dicam«
1399 3726 1429 3807 8).

331 3875 352 3940 ¹)
369 3875 422 3928 cir,
442 3872 615 3926 Mommseni
634 3871 834 3940 Heortologic,
854 3871 973 3940 Lipsiae
993 3870 1071 3926 1864„
1091 3886 1110 3939 p
1138 3869 1181 3924 93.
1201 3883 1262 3937 sqq·

330 3967 350 4026 ²)
368 3963 475 4016 Heaut.
496 3977 524 4015 v.
544 3961 605 4015 733.

331 4056 351 4104 ἰ
371 4053 522 4106 Meinccke
542 4064 568 4119 p.
591 4052 640 4104 112
659 4057 690 4105 et
708 4050 841 4104 Kockius
863 4051 920 4104 148.

344 4143 396 4210 lp.
421 4141 476 4195 147.

330 4235 350 4284 δι
370 4247 396 4299 p.
416 4231 459 4285 74.

329 4324 350 4386 ⁶)
368 4320 475 4374 Heaut.
495 4335 524 4372 v.
544 4320 604 4374 383.

330 4414 350 4474 ⁷)
369 4409 499 4465 Kockius
518 4411 578 4464 586.

329 4503 349 4564 ⁸)
367 4499 474 4554 Heaut.
495 4517 521 4552 v.
542 4500 602 4554 6‘19.
