3198 5032
645 285 840 352 ,9-

98 518 167 582 que
185 500 350 582 cognovit
367 497 533 566 Sostrata.
553 499 782 583 Posteaquam
802 497 966 565 Chremes
981 517 1105 565 nomen
1120 499 1275 564 mulieris
1291 500 1378 564 Phil-

99 615 212 672 teram
244 624 320 672 esse
353 607 530 688 comperit,
562 612 671 688 rogat,
705 614 743 670 ut
775 625 811 671 se
844 609 1011 689 sequatur
1043 608 1133 670 intro
1157 607 1225 672 hac
1249 609 1283 673 et
1306 611 1381 670 tum

99 713 270 779 Sostrata:

424 817 479 874 »Ut
498 825 617 888 praeter
635 833 716 887 spem
737 819 839 872 evenit
858 833 947 886 quam
969 819 1057 872 timui
1076 819 1162 884 male,

206 909 251 962 Ne
270 923 350 962 nunc
368 909 467 961 animo
487 909 528 961 ita
548 923 625 961 esses
644 907 727 976 duro,
748 913 782 962 ut
802 906 872 961 olim
893 909 923 960 in
943 906 1074 960 tollendo
1093 905 1231 961 Chremes
1241 907 1259 975 1)

206 1034 414 1102 Coniectura
447 1035 614 1100 Ladevioi
639 1035 659 1098 l.
683 1033 704 1098 l.
727 1035 974 1115 comprobatur
998 1042 1179 1116 praeterea
1201 1035 1380 1118 insequen-

98 1143 191 1206 tibus
215 1143 375 1206 versibus
388 1140 423 1222 ²),
455 1159 541 1224 quos
572 1141 722 1206 astutiae
746 1142 868 1222 plenus
892 1159 1015 1206 servus
1039 1139 1150 1222 Syrus
1174 1143 1382 1223 pronuntiat.

98 1249 224 1332 Copias
248 1267 331 1314 suas
353 1250 388 1312 in
412 1253 600 1330 angustum
634 1249 710 1330 cogi
743 1249 847 1329 videt,
880 1265 962 1312 nam
995 1266 1063 1312 non
1095 1250 1242 1313 multum
1275 1247 1383 1333 abest,

97 1358 184 1440 quin
209 1374 315 1421 senex
338 1356 410 1420 nati
435 1357 585 1420 amicam
610 1356 778 1420 resciscat
810 1374 922 1438 neque
954 1357 1143 1439 quicquam
1176 1375 1259 1435 esse,
1292 1357 1383 1438 quod

99 1481 195 1528 nunc
218 1473 334 1545 speret
356 1463 399 1527 de
421 1468 566 1545 argento
589 1463 648 1526 vel
672 1464 848 1544 postulare
879 1468 993 1544 queat.
1026 1463 1149 1546 Itaque
1182 1463 1383 1545 triumphat,
1443 1511 1446 1516 -

99 1572 127 1635 si
153 1572 234 1636 licet
258 1587 295 1634 se
318 1557 427 1634 latere
451 1575 541 1634 tecto
564 1569 760 1634 abscedere.
785 1568 828 1633 Bt
851 1568 943 1632 dein:

212 1675 376 1742 »Crucior
400 1677 516 1740 bolum
540 1675 623 1740 mihi
647 1680 784 1741 tanturn
807 1681 964 1757 ereptum
989 1683 1061 1739 tam
1086 1677 1241 1740 desubito
1265 1696 1283 1742 e
1305 1679 1379 1741 iau-

100 1786 233 1848 cibus«.

209 1891 310 1956 Nunc
334 1910 419 1956 vero
437 1896 585 1972 accepta
617 1889 786 1954 Ladevioi
810 1890 1011 1954 coniectura
1034 1891 1139 1956 facile
1162 1891 1383 1974 intellegitur,

99 2017 165 2063 cur
190 1997 300 2081 Syrus
322 1998 440 2062 bolum
464 1999 527 2061 sibi
551 2017 570 2062 e
592 1999 753 2062 faucibus
777 1996 889 2060 subito
913 2004 1071 2079 ereptum
1098 1998 1308 2062 lamentetur
1337 2002 1383 2062 te-

100 2110 227 2191 ctoque
249 2107 359 2171 latere
377 2106 565 2171 abscedere
589 2107 697 2170 malit.
721 2105 809 2170 Nam
835 2105 951 2187 puella
975 2105 1095 2187 agnita
1115 2105 1219 2170 iacile
1238 2124 1260 2169 a
1280 2104 1382 2171 Chre-

99 2218 192 2279 mete
216 2213 363 2296 pecunia
387 2213 506 2296 negari
532 2218 677 2296 poterat.
701 2211 850 2278 Consilia
875 2211 954 2294 Syri
988 2230 1113 2278 eversa
1146 2219 1228 2276 sunt
1260 2213 1384 2295 omnia,

99 2339 196 2388 nunc
220 2320 262 2385 de
285 2338 375 2384 novo
399 2319 632 2401 incipiendum
651 2323 736 2401 erat,
760 2323 799 2383 ut
817 2319 903 2383 illud
921 2319 1110 2403 fugitivum
1128 2324 1313 2401 argentum
1332 2337 1384 2384 re·

98 2429 308 2495 traheretur.
332 2427 376 2492 Et
399 2445 437 2493 re
460 2446 547 2492 vera
571 2426 682 2508 Syrus
706 2435 902 2508 temperare
924 2427 988 2491 sibi
1012 2445 1081 2491 non
1104 2427 1223 2508 potuit,
1255 2427 1382 2510 quomi-

99 2555 168 2601 nus
190 2533 407 2600 Chremetem
431 2535 476 2599 ad
500 2536 684 2616 pecuniam
704 2535 907 2600 solvendam
926 2538 1065 2614 cogeret
1083 2539 1117 2598 et
1136 2552 1218 2598 cum
1236 2532 1384 2606 Cliniam

98 2642 364 2723 obsecravisset,
392 2660 435 2707 ne
458 2643 571 2706 abiret
593 2660 682 2707 neve
715 2641 925 2706 Bacchidem
959 2641 1016 2705 hic
1048 2641 1268 2724 relinqueret,
1301 2658 1384 2705 nam

98 2768 168 2815 non
193 2749 303 2831 potuit
325 2749 410 2830 lieri,
434 2749 517 2832 quin
542 2748 706 2815 Chremes
728 2767 806 2814 eam
829 2749 981 2813 amicam
1000 2746 1219 2830 Clitiphontis
1238 2765 1313 2812 esse
1333 2765 1383 2812 re·

99 2857 274 2938 scisceret,
294 2875 443 2939 cumque
462 2861 581 2938 postea
601 2856 819 2936 Bacchidem,
840 2861 878 2920 ut
898 2857 1062 2920 transiret
1081 2857 1126 2920 ad
1142 2855 1383 2921 Menedemum

99 2981 270 3046 suamque
303 2981 465 3046 pompam
497 2982 536 3029 eo
565 2963 773 3043 traduceret,
805 2961 1006 3045 impulisset,
1039 2981 1170 3027 novum
1199 2964 1385 3044 argentum

98 3070 198 3135 cudit
221 3086 329 3152 eoque
352 3087 426 3134 rem
450 3069 620 3151 perduxit,
644 3073 683 3132 ut
705 3067 869 3134 Chremes
893 3069 1078 3150 pecuniam
1103 3069 1269 3133 Bacchidi
1293 3069 1384 3132 debi-

98 3182 173 3242 tam
198 3175 410 3241 reddendam
434 3194 509 3242 esse
532 3180 689 3242 censeret
702 3175 732 3254 3).
766 3177 914 3239 Paratus
938 3177 991 3241 est
1014 3176 1120 3257 igitur
1142 3173 1306 3240 Chremes
1331 3194 1385 3259 pe-

98 3284 242 3348 cuniam
266 3282 312 3346 ad
336 3283 546 3348 Bacchidem
579 3284 721 3364 deferre,
755 3282 814 3348 sed
838 3283 882 3346 ab
907 3286 1021 3346 astuto
1045 3301 1148 3347 servo
1170 3284 1385 3365 admonetur,

1 3414 3 3440 τ
98 3395 138 3454 ut
163 3390 276 3472 potius
298 3390 370 3454 iilio
394 3390 451 3455 det
476 3392 667 3472 pecuniam,
691 3391 726 3454 in
753 3406 857 3473 quem
880 3389 1008 3454 amoris
1032 3391 1181 3471 suspicio
1207 3390 1382 3455 translata

98 3499 152 3562 sit.
176 3498 221 3563 Bt
243 3495 408 3562 Chremes
430 3498 541 3562 ecfert
563 3503 748 3580 argentum
771 3501 806 3563 et
828 3515 909 3562 oum
933 3496 1176 3578 Clitiphontem
1196 3513 1323 3578 capere
1341 3515 1385 3562 ac

98 3606 237 3671 deferre
260 3610 446 3689 argentum
468 3605 570 3687 iubet,
598 3603 746 3688 Clitipho
769 3610 951 3688 gravatur,
984 3609 1059 3669 tum
1091 3602 1202 3685 Syrus
1235 3605 1385 3686 lapidem

1 3777 2 3780 ,
97 3729 181 3778 eum
205 3712 369 3794 appellat,
392 3712 452 3795 qui
476 3715 546 3776 stat
569 3730 681 3794 neque
704 3712 890 3795 quicquam
915 3712 1076 3793 accipere
1100 3710 1221 3791 vult4).

210 3818 356 3884 Nencini
380 3820 401 3883 l.
424 3820 446 3884 l.
469 3838 551 3884 cum
579 3820 760 3884 consilium
789 3819 990 3902 requireret,
1023 3819 1114 3901 quod
1147 3819 1192 3882 ad
1225 3836 1384 3883 resecan-

98 3926 184 3991 dum
208 3926 228 3990 L
253 3926 274 3990 l.
297 3943 465 4008 graecum
498 3926 678 4007 exemplar
712 3926 903 4008 impulisset
929 3926 1138 4004 Terentium,
1169 3923 1385 3990 Chremetem

211 4125 221 4158 1

211 4214 221 4246 Ξ

223 4122 358 4187 )Heaut.
378 4138 405 4174 v.
426 4121 486 4175 664.
507 4137 548 4189 sq.

222 4212 232 4280 )
250 4211 360 4266 ibidem
380 4226 409 4264 v.
429 4210 490 4265 668.
511 4224 553 4277 sq.

213 4301 235 4368 ⁸)
253 4300 362 4355 Heaut.
382 4316 411 4353 v.
430 4301 492 4356 797.
515 4299 619 4354 »Haud
634 4299 757 4354 faciam«
773 4297 934 4352 adnuentis
950 4313 1013 4352 esse
1027 4299 1121 4351 verba
1132 4297 1305 4364 Chremetis,
1326 4312 1386 4351 non

100 4393 266 4449 recusantis
285 4391 488 4460 probaverunt
507 4390 565 4443 viri
584 4389 672 4444 docti.

210 4482 232 4550 ⁴)
251 4479 360 4534 Heaut.
380 4497 408 4533 v.
428 4479 488 4534 831.
