3198 5032
771 290 992 354 ..22-

241 527 242 536 ¹
348 500 476 568 Carere
510 502 624 584 patria
656 506 734 567 erat
766 502 932 566 damnum
960 520 1028 566 non
1050 505 1216 587 exiguum
1239 523 1321 571 cum
1355 507 1530 573 Romanis
1589 517 1590 586 i

242 613 317 674 tum
340 607 497 676 Graecis:
522 615 562 682 ὡς
586 601 671 671 οὐδὲν
693 609 815 696 γλυκίον
836 617 891 695 τῆς
913 602 1060 697 πατρίδος
1082 613 1162 674 ἐστὶν
1185 613 1313 693 ἑκάστῳ.
1365 625 1375 646 ·
1589 599 1590 604 ¹

347 715 447 798 Quod
471 724 588 781 autem
612 714 775 782 Chremes
798 717 967 800 queritur:

402 839 545 896 Somnum
565 841 662 895 heroic
681 855 737 909 ego
756 842 812 895 hac
830 845 915 896 nocte
935 841 1025 895 oculto
1044 854 1104 896 non
1123 841 1187 895 vidi
1205 843 1286 911 meis,

402 929 481 984 Dum
500 929 530 982 id
549 945 669 999 quaero,
689 930 743 983 tihi
762 932 814 1000 qui
833 931 932 984 filium
951 933 1136 985 restituerem
1149 933 1176 997 ¹).

218 1035 347 1104 ‘inisse
379 1040 415 1103 in
444 1056 571 1122 graeco
604 1037 799 1105 Menandri:
831 1043 920 1102 ὕπνον
953 1045 1011 1127 οὐχ
1042 1043 1164 1127 ἑώρακα
1196 1042 1418 1124 suspicantur
1451 1045 1528 1108 viri

241 1147 342 1215 docti.
366 1149 531 1213 Attamen
554 1147 643 1212 inter
662 1165 779 1212 omnes
798 1152 935 1214 constat
953 1149 1103 1231 vulgare
1121 1165 1196 1214 esse
1214 1149 1338 1232 dicere,
1361 1167 1528 1214 somnum

241 1253 369 1336 videre,
402 1255 575 1333 Romania,
607 1256 772 1338 illamque
795 1254 1002 1320 locutionem
1029 1255 1124 1320 tenui
1147 1256 1333 1321 admodum
1355 1257 1415 1321 iilo
1438 1275 1528 1322 cum

241 1380 372 1444 graeca
395 1363 591 1428 cohaerere.

350 1468 459 1535 »Cedo
478 1471 658 1536 dextram«
678 1471 862 1552 respondet
880 1471 1101 1537 Menedemus
1113 1469 1150 1552 ²);
1167 1471 1238 1536 iam
1257 1472 1408 1537 venitin
1426 1491 1526 1537 men·

241 1582 311 1644 tem
347 1579 431 1643 illud
464 1579 706 1661 Aristophanis
717 1578 739 1658 ³)
770 1580 827 1664 τὴν
849 1589 936 1667 χεῖρα
968 1571 1019 1653 δὸς
1041 1581 1099 1666 τὴν
1131 1571 1229 1652 δεξιὰν
1260 1597 1404 1644 manum
1436 1581 1528 1646 cedo

241 1687 410 1753 dextram.

350 1795 571 1861 Menedemus
605 1794 821 1861 Chremetem
853 1796 968 1860 aliena
1003 1796 1112 1878 magis
1144 1811 1280 1875 curare,
1317 1803 1423 1878 quam
1455 1813 1527 1860 sua

243 1904 458 1985 indignatum
484 1912 580 1968 recte
603 1903 715 1986 igitur¹
732 1901 947 1969 Chremetem
972 1904 1136 1967 miserum
1159 1906 1295 1984 patrem
1318 1902 1435 1967 miseri
1457 1902 1526 1966 filii

243 2013 499 2093 nuncupantia
512 2015 751 2092 comparatam
767 2029 841 2076 esse
855 2011 1031 2075 hominum
1050 2016 1214 2076 naturam
1234 2010 1385 2075 omnium
1405 2009 1525 2075 aliena
1589 2069 1590 2102 ᾖ

243 2120 282 2182 ut
305 2117 427 2182 melius
450 2118 602 2192 videant,
625 2136 729 2201 quam
764 2117 847 2182 sua?
877 2134 924 2182 an
946 2136 987 2183 eo
1010 2117 1063 2200 iit,
1091 2118 1173 2202 quia
1196 2135 1235 2182 re
1258 2119 1293 2181 in
1316 2121 1435 2182 nostra
1459 2121 1524 2181 aut
1589 2105 1590 2110 ’

242 2224 368 2308 gaudio
391 2242 510 2290 sumus
535 2226 724 2307 praepediti
748 2215 852 2289 nimio
875 2230 938 2289 aut
961 2224 1194 2308 aegritudine?
1203 2223 1234 2304 ⁴).

350 2333 390 2400 In
402 2313 515 2418 'quam
534 2335 741 2399 sententiam
759 2333 960 2397 iamdudum
980 2333 1170 2398 Menander
1189 2333 1350 2397 incidisse
1368 2333 1522 2398 videtur:

244 2435 346 2519 οὐδεὶς,
369 2443 536 2526 inquient,
559 2440 602 2528 ἐφ’
631 2447 727 2504 αὑτοῦ
749 2442 791 2502 τὰ
813 2442 894 2503 κακὰ
918 2444 1047 2527 Ισυνοροζς
1079 2449 1183 2527 σαφῶς
1210 2439 1312 2528 ἑτέρου
1332 2423 1357 2502 δ’
1385 2445 1521 2528 ἀσχημο-

242 2561 363 2623 νοῦντος
386 2548 493 2634 ὄψεται
504 2549 526 2628 ⁶)

350 2658 470 2741 Neque
501 2658 727 2722 omittendum
759 2675 833 2721 esse
867 2674 989 2722 censeo
1021 2652 1107 2720 illud
1140 2655 1329 2721 Menedemi
1369 2657 1522 2721 »dictum

242 2766 396 2829 iactum«
411 2764 434 2843 6)
456 2765 476 2827 i.
499 2783 527 2828 e.
554 2766 688 2828 iactum
721 2781 802 2827 cum
825 2763 927 2826 dictis
958 2763 1191 2842 coniunctum,
1224 2762 1280 2828 cui
1312 2763 1522 2845 respondere

243 2870 383 2937 videtur
405 2888 584 2953 graecum:
609 2869 658 2956 ἅμ’
686 2873 765 2947 ἔπος,
789 2868 837 2957 ἅμ’
865 2873 958 2957 ἔργον.

353 2977 483 3043 Multus
505 2983 558 3043 est
580 2968 761 3042 Terentius
784 2979 819 3040 in
843 2976 1047 3061 enarrando,
1074 2978 1241 3061 quomodo
1265 2979 1363 3059 pueri
1386 2978 1518 3042 institu-

243 3087 322 3151 endi
346 3085 422 3150 siut.
456 3086 595 3168 Optima
628 3085 771 3149 consilia
804 3086 890 3150 bene
914 3103 957 3149 ac
980 3090 1075 3150 recte
1107 3085 1249 3151 vivendi
1273 3086 1334 3149 det
1357 3083 1516 3151 Chremes

244 3195 363 3259 iuveni
387 3192 585 3276 Clitiphonti
608 3191 689 3257 dum
713 3194 877 3276 loquitur:

353 3315 508 3371 »Scitumst
527 3318 671 3386 periclum
690 3332 728 3370 ex
746 3317 813 3371 aliis
833 3318 939 3383 iacere,
960 3317 1013 3370 tibi
1033 3316 1105 3386 quid
1124 3332 1162 3370 ex
1181 3331 1240 3370 usu
1259 3317 1314 3371 siet
1323 3319 1369 3386 7),ν

244 3425 312 3491 quo
331 3408 423 3474 dicto
443 3409 616 3491 sapientes
638 3411 730 3473 omni
750 3427 839 3473 aevo
862 3408 915 3473 usi
939 3414 1027 3473 sunt.
1051 3409 1125 3473 Iam
1151 3407 1260 3474 simile
1284 3426 1358 3474 esse
1381 3407 1521 3474 videtur

243 3516 328 3580 illud
348 3515 542 3580 Menandri:
562 3515 681 3598 βλέπων
698 3507 873 3601 πεπαίδευμ’
896 3521 936 3588 εἰς
953 3516 995 3576 τὰ
1012 3524 1075 3576 τῶν
1094 3519 1196 3576 ἄλλων
1214 3516 1303 3577 κακά.
1316 3513 1339 3596 ⁸)
1358 3511 1522 3580 Ceterum
1587 3527 1588 3560 i

244 3626 287 3689 de
309 3623 498 3688 educandis
522 3624 646 3705 poeria,
669 3624 711 3688 de
735 3623 929 3705 praeceptis
952 3625 1047 3688 recte
1070 3641 1114 3687 ac
1138 3624 1237 3687 beate
1261 3621 1402 3688 vivendi
1426 3625 1461 3687 et
1480 3622 1522 3686 de

352 3859 371 3926 ¹)
391 3857 499 3910 Heaut.
520 3873 547 3908 v.
567 3856 626 3910 491.

351 3945 372 4016 θ)
392 3945 500 4000 Heaut.
520 3962 548 3998 v.
568 3946 629 3999 493.

350 4037 372 4106 ⁸)
391 4035 523 4090 Nubium
542 4052 570 4091 v.
589 4036 632 4089 81.

351 4124 373 4196 ⁴)
393 4126 500 4180 Heaut.
520 4143 548 4179 v.
568 4127 629 4180 503.

354 4215 375 4285 ⁶)
396 4214 529 4268 Rockius
548 4215 608 4269 631.

351 4304 373 4374 ⁶)
392 4305 500 4359 Heaut.
520 4321 548 4358 v.
568 4303 628 4360 904.

352 4393 373 4464 7)
393 4394 500 4448 Heaut.
520 4412 547 4449 v.
568 4395 628 4449 210.

351 4482 372 4552 ⁸)
392 4482 527 4538 Meineke
547 4483 699 4538 Menandri
720 4485 821 4554 Γνῶμαι
841 4505 895 4554 οῖον.
916 4501 942 4536 v.
962 4486 1021 4537 651.
