3198 5032
719 249 914 313 ..6-

175 460 246 525 tilio
278 460 375 525 illam
404 462 552 544 lepidam
578 461 818 527 Phanocratae
841 461 951 527 liliam
974 462 1136 527 daturam
1160 481 1198 528 se
1220 481 1295 528 esse
1318 463 1456 545 pollice-

175 572 234 631 tur
255 573 290 633 et
313 586 393 632 cum
416 568 552 634 iuvenis
585 567 681 634 illam
713 569 839 650 rufam,
871 571 1032 651 caesiam,
1066 587 1187 650 sparso
1218 586 1286 652 ore,
1318 571 1457 636 adunco

175 673 294 752 nas01)
315 692 390 739 esse
414 676 558 740 dixisset
581 693 728 758 eamque
750 675 863 741 taedio
886 676 1111 758 repudiasset
1136 676 1326 742 Archonidi
1343 677 1457 741 liliam

175 785 210 846 in
234 783 491 846 matrimonium
515 783 642 850 ducere
666 784 795 848 statuit.

282 890 329 953 At
351 899 560 954 monuerunt
591 892 661 954 iam
691 891 759 955 viri
782 892 875 955 docti
907 891 1105 956 Terentium
1137 894 1287 956 comicos
1310 910 1455 972 amores

175 983 375 1079 saepissime
398 997 527 1079 nuptiis
547 999 754 1063 concludere
773 999 910 1061 solitum
929 1016 1012 1063 esse.
1033 995 1113 1077 Qua
1132 999 1302 1064 mentione
1322 999 1364 1064 de
1383 1016 1453 1062 ma-

175 1102 333 1167 trimonio
365 1107 462 1169 tacta
485 1105 645 1168 commoti
678 1105 747 1169 viri
770 1106 861 1169 docti
885 1105 973 1168 duas
995 1105 1102 1169 luisse
1125 1104 1206 1170 olim
1228 1106 1368 1170 fabulas
1400 1124 1454 1170 su·

175 1212 298 1292 spicati
323 1216 404 1275 sunt
427 1221 615 1294 posteaque
638 1212 672 1275 in
697 1231 803 1276 unam
827 1211 1009 1294 conflatas,
1033 1229 1184 1295 quarum
1208 1231 1314 1276 unam
1337 1233 1359 1277 a
1385 1212 1452 1278 Me·

174 1320 308 1382 nandro
341 1320 539 1384 Terentium
572 1320 606 1383 in
635 1338 736 1384 usum
760 1338 861 1383 suum
886 1320 1041 1398 vertisse,
1074 1321 1223 1384 alteram
1246 1339 1267 1384 a
1292 1328 1393 1402 poeta
1415 1324 1453 1386 li-

175 1432 268 1490 ctam
288 1444 363 1490 esse
378 1427 453 1490 veri
468 1426 579 1489 simile
598 1432 658 1490 est.
677 1417 899 1507 Quapropter
917 1427 1162 1491 Terentianam
1181 1426 1278 1490 illam
1297 1428 1453 1492 fabulam

176 1532 320 1597 Carolus
344 1531 572 1614 Venediger2)
594 1535 775 1598 restituere
798 1538 945 1597 conatur
969 1533 1037 1596 hac
1062 1534 1203 1616 ratione,
1228 1543 1266 1596 ut
1289 1533 1324 1597 in
1344 1552 1385 1599 ea
1404 1537 1452 1600 ia·

175 1641 258 1704 bula
282 1640 487 1706 adulescens
505 1638 653 1721 Clitipho
671 1641 840 1723 pecuniae
860 1641 974 1722 inopia
993 1648 1136 1704 coactus
1157 1641 1308 1722 puellam
1328 1643 1364 1704 in
1384 1658 1454 1705 ma·

176 1749 373 1813 trimouium
398 1749 525 1814 ducere
549 1758 698 1831 nequeat
721 1750 883 1831 seruique
902 1767 1006 1830 opera
1025 1750 1222 1831 adiuvetur,
1240 1750 1299 1832 qui
1318 1751 1454 1832 virgine
1492 1777 1497 1784 ·

175 1857 312 1920 domum
342 1856 524 1920 cuiusdam
549 1856 657 1936 patris
689 1856 841 1920 abducta
867 1857 973 1936 patri·
990 1837 1175 1935 persuadet
1208 1855 1358 1938 puellam
1392 1833 1454 1920 filii

176 1963 393 2028 meretricem
416 1981 499 2028 esse.
524 1962 626 2029 Pater
650 1963 708 2028 ille
730 1967 836 2029 etiam
863 1963 909 2026 ad
935 1963 1117 2042 pecuniam
1141 1964 1375 2043 praebendam
1398 1981 1453 2029 co·

175 2078 276 2136 actus
300 2073 359 2149 est
384 2071 443 2134 sed
467 2080 584 2134 errore
608 2070 745 2152 cognito
768 2070 878 2132 filium
902 2069 1093 2134 hereditate
1111 2069 1366 2135 excludendum
1385 2075 1453 2136 sta·

175 2177 241 2241 tuit
264 2178 421 2260 iramque
445 2195 545 2240 suam
569 2185 641 2239 tum
666 2177 804 2240 demum
833 2176 962 2256 lenivit,
996 2193 1077 2239 cum
1109 2176 1202 2239 iilius
1234 2177 1385 2241 sobrium
1410 2197 1454 2242 ac

175 2287 427 2366 temperantem
446 2302 483 2348 se
501 2285 575 2347 iore
594 2282 837 2365 spopondisset.
861 2282 906 2347 Et
923 2281 1044 2346 deinde
1063 2278 1197 2364 appulit
1211 2286 1284 2348 eius
1298 2284 1454 2349 animum

176 2391 222 2455 ad
246 2410 390 2456 uxorem
413 2392 617 2457 ducendam.
646 2390 721 2454 Hoc
754 2391 853 2455 modo
877 2390 1007 2471 duplex
1037 2388 1159 2454 fabula
1191 2408 1213 2454 a
1245 2392 1322 2455 viro
1354 2392 1454 2458 docto

175 2500 320 2564 inventa
344 2505 396 2563 est
419 2508 454 2563 et
477 2499 608 2580 duplex
630 2503 883 2581 argumentum.

283 2607 330 2670 At
352 2608 502 2688 luerunt,
530 2607 589 2687 qui
612 2605 709 2669 illam
733 2604 882 2668 alteram
914 2613 1049 2686 partem
1073 2604 1116 2669 de
1139 2606 1357 2670 matrimonio
1390 2606 1453 2672 Cli·

175 2714 339 2796 tiphontis
371 2731 452 2777 cum
486 2713 674 2777 Archonidi
698 2711 773 2776 iilia
796 2711 901 2793 petito
924 2715 1137 2776 tractantem
1159 2729 1227 2776 non
1251 2730 1273 2776 a
1296 2712 1455 2779 Terentio

175 2821 354 2886 inventam
387 2838 463 2885 esse
496 2825 686 2900 censerent
718 2819 778 2884 sed
810 2837 888 2884 eam
917 2819 952 2881 in
978 2818 1190 2884 Menandrea
1222 2820 1342 2884 rabula
1376 2837 1453 2885 nar·

175 2936 291 2993 ratam
315 2929 586 3009 suspicarentur,
611 2933 730 3008 postea
754 2931 872 2991 autem
895 2944 917 2989 a
936 2925 1094 2990 Terentio
1113 2927 1325 3008 explicatam
1343 2931 1379 2992 et
1397 2945 1454 2993 ac-

175 3037 266 3100 tione
289 3036 465 3099 variatam
478 3035 507 3114 ³).
531 3035 575 3098 at
593 3052 631 3100 re
649 3052 736 3099 vera
756 3035 874 3097 insunt
896 3034 930 3097 in
954 3034 1030 3114 ipsa
1053 3031 1173 3097 tabula
1197 3035 1370 3116 quaedam
1393 3033 1454 3100 dii-

174 3143 359 3224 ficultates,
383 3161 473 3224 quae
497 3144 623 3224 cuique
646 3142 850 3223 scrupulum
874 3140 1047 3222 quendam
1071 3141 1216 3205 iniciant
1234 3160 1376 3206 necesse
1394 3146 1455 3206 est.

175 3249 216 3325 Iu
240 3268 370 3314 scaeua
392 3250 484 3314 euim
508 3251 620 3331 prima
640 3254 742 3313 actus
761 3249 863 3330 primi
885 3245 1049 3312 Chremes
1068 3265 1149 3310 oum
1169 3249 1368 3313 Menedemo
1396 3249 1455 3314 diu

175 3356 383 3439 colloquitur
405 3361 440 3421 et
463 3358 661 3421 consolatur
693 3355 849 3421 vicinum
881 3354 992 3419 filiurn
1025 3353 1098 3418 eius
1131 3353 1229 3419 brevi
1263 3355 1455 3420 rediturum

175 3481 250 3529 esse
273 3470 372 3527 ratus
396 3465 544 3527 salvum.
569 3463 688 3546 Neque
711 3464 802 3528 enim
827 3461 1048 3542 Menedemus
1072 3467 1166 3526 recte
1184 3461 1296 3525 tilium
1316 3464 1456 3528 novisse

176 3571 323 3652 videtur,
347 3588 458 3654 neque
481 3571 574 3634 lilius
598 3575 741 3652 patrem.
774 3566 874 3648 Quod
906 3568 934 3631 si
965 3569 1099 3632 lactum
1131 3571 1230 3649 esset,
1264 3587 1455 3651 numquam

177 3678 374 3743 evenissent
406 3679 502 3755 haec,
535 3695 647 3759 neque
678 3677 772 3740 lilius
804 3677 840 3739 in
874 3674 993 3738 Asiam
1027 3676 1201 3756 proiectus
1233 3679 1332 3740 esset.
1368 3675 1456 3742 Dein

176 3783 340 3850 Chremes
364 3785 507 3848 comiter
526 3783 654 3847 invitat
677 3782 916 3848 Menedemum
939 3781 984 3845 ad
1004 3799 1137 3862 cenam,
1157 3800 1238 3844 nam
1258 3782 1357 3847 hodie
1375 3787 1457 3847 sunt

178 3890 354 3973 Dionysia.
378 3889 493 3970 Quam
518 3889 758 3955 invitationem
782 3890 874 3954 lente
893 3888 1015 3952 abnuit
1034 3887 1255 3953 Menedemus
1274 3889 1456 3973 saluteque

176 4000 260 4062 data
283 4003 317 4064 et
340 3998 474 4063 reddita
498 3997 590 4062 abiit.
615 3997 704 4061 Tum
725 3995 902 4062 Chremes:

286 4267 305 4334 ¹)
323 4264 432 4319 Heaut.
452 4281 480 4319 v.
502 4265 578 4319 1064.

285 4356 306 4422 ⁹)
323 4355 355 4408 in
374 4354 481 4410 Annal.
501 4356 571 4424 phil.
591 4352 664 4409 CIX.
683 4371 710 4424 p.
731 4356 782 4410 129
802 4369 862 4424 sqq.

286 4445 305 4512 8)
323 4443 416 4507 Quam
437 4445 616 4499 seutentiam
635 4444 769 4499 defendit
787 4443 920 4510 Nencini,
940 4457 966 4510 p.
986 4441 1028 4497 69.
