3198 5032
720 228 914 290 -4..

175 441 306 507 rentius
333 429 500 505 »novam«
527 458 595 504 non
619 439 754 520 dixerit,
773 440 837 506 'sed
863 440 1084 522 »integram«.
1108 441 1155 504 At
1177 440 1458 506 animadverten-

175 551 257 613 dum
290 554 342 613 est
373 566 478 612 voces
513 548 666 626 »integer
698 554 732 611 et
764 565 894 612 novus«
930 548 1035 612 etiam
1068 547 1262 628 promiscue
1295 549 1459 630 usurpari

175 655 379 740 praesertim
395 673 475 719 cum
490 654 592 717 simili
610 654 782 718 vocabulo
798 654 984 735 scriptores
998 653 1047 717 uti
1062 654 1186 740 malint
1196 673 1242 718 ex
1250 673 1301 736 gr.
1314 655 1458 718 Plautus

175 762 211 826 in
235 761 381 828 Oasinae
404 779 435 826 a.
459 759 520 826 111.
543 761 573 826 b.
596 761 630 825 4:
662 778 811 824 »novam
834 768 940 842 atque
964 761 1135 843 integram
1158 761 1370 854 comoediam
1383 761 1412 840 ll

271 869 358 940 ‚Non
382 868 531 953 minores
554 867 781 932 difficultates
805 867 950 949 praebet
972 885 1096 931 versus
1121 867 1252 950 prologi
1275 868 1309 932 6:

392 1035 527 1104 »Duplex
546 1049 623 1103 quae
641 1050 680 1088 ex
698 1005 879 1103 argumento
898 1036 978 1090 iacta
995 1039 1040 1088 est
1060 1008 1210 1104 simplici».

283 1191 446 1256 Lectione
469 1190 628 1254 codicum
648 1191 781 1255 incerta
801 1190 987 1254 Bembinus
1006 1208 1028 1253 a
1048 1190 1160 1271 prima
1180 1206 1286 1253 manu
1305 1190 1456 1254 exhibet:

179 1299 437 1380 »duplex-quae
454 1315 500 1362 ex
518 1301 724 1380 argumento
743 1297 839 1361 facta
860 1302 894 1360 et
913 1295 1073 1378 duplici«.
1092 1294 1192 1375 Quae
1210 1297 1313 1360 lectio
1332 1313 1457 1378 magno

77 1405 81 1415 '
176 1405 391 1471 incommodo
415 1405 552 1469 laborat
574 1405 643 1468 arti
661 1405 828 1468 metricae
846 1420 1054 1485 repugnans,
1074 1404 1277 1486 praesertim
1297 1421 1377 1468 cum
1398 1403 1456 1468 Τθ·

176 1512 309 1578 rentius
341 1528 512 1593 nusquam
542 1513 690 1595 primam
724 1511 899 1593 syllabam
933 1511 1096 1575 vocabuli
1133 1512 1299 1593 »duplex«
1334 1511 1456 1593 produ-

177 1621 277 1686 xerit.
300 1618 457 1684 Fuerunt
479 1619 594 1702 igitur,
618 1619 677 1700 qui
705 1619 872 1701 »simplex
894 1636 985 1701 quac
1004 1636 1049 1682 ex
1067 1621 1272 1699 argumento
1290 1620 1387 1683 facta
1405 1621 1458 1683 θεῖ

177 1727 326 1808 duplici«
361 1726 427 1809 legi
461 1726 624 1803 mallent,
655 1743 762 1808 quam
795 1729 910 1789 tamen
944 1725 1148 1790 emendandi
1180 1726 1348 1789 rationem
1382 1725 1457 1806 pari

176 1834 276 1898 modo
294 1833 363 1897 arti
381 1833 548 1898 metricae
567 1851 635 1897 non
650 1833 839 1898 convenire
852 1831 956 1896 facile
971 1831 1190 1913 intellegitur.
1213 1830 1338 1895 Varios
1352 1831 1458 1896 etiam

176 1940 426 2022 interpretandi
451 1940 567 2003 modos
592 1945 729 2004 veteres
753 1940 864 2002 secuti
888 1942 977 2020 sunt,
1001 1957 1082 2002 cum
1100 1938 1161 2002 alii
1180 1937 1340 2002 Heauton
1363 1938 1457 2000 timo-

176 2063 344 2112 rumenon
368 2045 542 2128 duplicem
566 2063 641 2118 esse
664 2045 877 2110 comoediam
901 2045 1097 2127 probarent,
1129 2063 1209 2109 cum
1242 2045 1310 2110 duo
1340 2044 1456 2109 adnle-

177 2158 312 2219 scentes
335 2155 371 2217 in
395 2153 571 2218 comoedia
604 2153 790 2218 introducti
814 2170 895 2216 cum
918 2169 982 2216 sua
1016 2155 1161 2234 uterque
1192 2153 1317 2231 amica,
1350 2156 1458 2234 patre,

177 2279 288 2342 servo,
321 2260 451 2342 duplex
475 2256 720 2342 argumentum
752 2258 829 2324 fieri
852 2259 984 2324 vellent
1006 2262 1111 2342 atque
1134 2259 1183 2323 ita
1206 2259 1381 2340 duplicem
1404 2276 1456 2324 co·

177 2368 356 2447 moediam‚
380 2374 418 2430 ut
441 2372 523 2431 sunt
545 2385 663 2431 omnes
687 2367 825 2432 Terenti
856 2367 998 2432 fabulae
1030 2370 1178 2449 excepta
1210 2366 1366 2448 Hecyra;
1399 2367 1459 2431 alii

176 2491 262 2538 vero
285 2492 366 2537 curn
390 2473 537 2555 simplex
559 2474 680 2537 fabula
704 2491 750 2538 ex
772 2478 977 2555 argumento
1000 2475 1096 2537 facta
1120 2480 1172 2538 est
1190 2474 1338 2555 duplici«
1361 2492 1457 2555 prae·

178 2583 319 2663 ferrent,
338 2580 380 2645 de
399 2598 469 2644 una
487 2582 617 2661 fabula,
636 2582 696 2645 sed
716 2585 920 2663 argumento
939 2581 1069 2662 duplici
1083 2583 1335 2664 cogitaverunt.
1354 2579 1459 2648 Senes

177 2688 271 2769 duos,
295 2688 534 2752 adulescentes
557 2687 652 2770 duos
682 2687 817 2752 amicas
848 2687 945 2771 duas,
977 2689 1095 2752 varios
1127 2705 1268 2769 prorsus
1300 2690 1459 2768 affectus,

177 2795 294 2859 varios
318 2794 353 2857 in
376 2793 496 2858 fabula
528 2794 727 2859 enarranda
759 2799 906 2859 eventus
938 2796 1109 2876 viderunt,
1142 2795 1201 2878 qui
1233 2798 1350 2859 tamen
1381 2799 1460 2860 arte

178 2907 299 2985 poetae
322 2903 372 2966 sic
396 2902 607 2984 copulantur
634 2907 669 2968 θῖ
691 2907 935 2986 contexuntur,
959 2903 1055 2966 utin
1080 2921 1186 2966 unam
1209 2907 1244 2968 θῖ
1266 2903 1459 2985 simplicem

177 3009 335 3075 fabulam
359 3009 559 3074 coalescant
570 3007 599 3088 2ῖ.
622 3007 722 3090 Quae
744 3014 863 3075 autem
886 3010 987 3076 lectio
1005 3010 1155 3090 genuina
1175 3011 1228 3091 sit,
1246 3010 1389 3075 difficile
1407 3015 1459 3074 est

177 3116 377 3181 diiudicatu.
400 3115 476 3180 Iam
500 3115 670 3181 Dniatako
694 3117 714 3179 l.
737 3117 758 3182 l.
782 3117 973 3182 rectissime
997 3116 1128 3181 monuit
1151 3117 1348 3200 sententias,
1371 3133 1459 3200 quas

177 3222 288 3305 attuli,
307 3223 616 3303 grammaticorum
635 3224 827 3288 doctrinam
848 3241 971 3304 sapere
990 3228 1220 3308 neutramque
1238 3242 1361 3290 veram
1375 3241 1459 3291 esse.

178 3325 296 3408 Quare
319 3328 418 3391 illum
443 3347 586 3394 versum
611 3331 758 3412 turpiter
791 3334 994 3412 corruptum
1027 3331 1224 3413 suspicatus
1254 3337 1308 3396 est
1331 3331 1459 3410 Ihnius,

178 3453 281 3518 quem
305 3438 447 3500 secutus
469 3440 522 3501 est
546 3436 794 3502 Fleckeisenus
818 3437 917 3502 uncis
940 3455 1019 3501 eum
1043 3438 1232 3503 includens.

287 3705 307 3768 ¹)
325 3701 493 3756 Fridericus
523 3703 590 3770 Leo,
623 3702 671 3756 vir
699 3705 809 3772 optime
840 3704 877 3757 de
902 3703 1009 3758 studiis
1031 3704 1179 3760 Plautinis
1197 3707 1330 3773 meritus,
1358 3719 1460 3760 vocem

180 3791 329 3860 ›integer‹
349 3807 419 3846 cum
438 3807 548 3860 graeco
566 3793 711 3846 vocabulo
731 3793 865 3864 ὁλοςχερής
883 3795 1022 3861 contulit3
1041 3801 1072 3848 at
1090 3811 1150 3849 non
1168 3793 1295 3848 dubium
1313 3800 1367 3860 est,
1387 3796 1460 3863 quin

179 3881 197 3933 l.
218 3881 235 3932 l.
255 3894 315 3934 vox
334 3881 386 3934 illa
405 3882 495 3949 longe
514 3882 573 3935 alia
592 3882 624 3934 vi
641 3886 787 3950 usurpata
806 3883 852 3936 sit.

288 3972 309 4034 ⁹)
327 3969 420 4032 Quam
441 3971 620 4025 sententiam
639 3970 720 4025 haud
739 3971 898 4026 absurdam
917 3973 978 4026 iam
997 3972 1042 4025 Fr.
1063 3973 1134 4025 Leo:
1160 3972 1363 4028 Plautinische
1391 3973 1459 4028 For·

180 4060 334 4127 schungon
354 4075 408 4113 zur
426 4059 527 4114 Kritik
546 4075 575 4114 u¹
592 4058 768 4115 Geschichte
786 4061 840 4115 der
858 4061 1009 4117 Kombdie.
1029 4061 1123 4124 Berol,
1143 4063 1213 4118 1895
1232 4063 1276 4117 ed.
1295 4063 1341 4117 his
1361 4063 1461 4118 verbis

179 4148 386 4204 adumbravit:
408 4148 483 4202 »Das
503 4147 598 4203 Stuzk
617 4150 734 4204 euthalt
753 4151 826 4204 zwei
846 4150 1049 4220 Liebespaare‚
1069 4151 1131 4204 also
1150 4152 1216 4206 eine
1236 4150 1373 4222 doppelte
1388 4149 1459 4206 Ver·

180 4238 343 4307 wlcklung‚
362 4239 433 4292 aber
453 4237 533 4292 diese
557 4237 735 4308 Doppelheit
761 4241 803 4293 sei
823 4241 912 4296 schon
932 4240 971 4292 im
991 4239 1137 4294 attischen
1161 4240 1295 4308 Original
1321 4257 1360 4295 zu
1378 4241 1462 4297 einer

179 4326 391 4382 einheitlichen
410 4325 576 4398 Handlung
596 4331 883 4398 zusammengefasst
909 4330 1037 4384 worden.
1064 4327 1129 4384 Non
1155 4331 1297 4400 praetulit
1323 4331 1399 4386 hanc
1417 4329 1460 4384 ln-

180 4415 363 4484 terpretandl
382 4419 528 4471 rationem
547 4417 594 4471 Fr.
612 4416 742 4473 Skutsch
761 4419 779 4472 l.
799 4419 817 4472 l.
837 4435 864 4489 p.
883 4421 908 4474 9.
927 4441 929 4447 ⁴
