3198 5032
623 269 843 335 ..21-

195 482 386 564 Recoguita
405 481 584 564 Antiphila
602 484 730 548 anxius
749 481 861 566 Syrus
880 500 1009 548 novum
1027 484 1165 567 quaerit
1183 482 1366 548 consilium

80 588 348 673 extorquendae
381 589 548 671 pecuniae
571 591 736 674 acutique
758 591 852 655 servi
885 590 1061 671 ingenium
1083 590 1120 654 in
1143 590 1254 654 multa
1278 591 1369 672 cogi-

80 698 179 762 tione
190 694 211 775 ¹)
233 699 400 762 versatur
423 713 534 779 neque
557 697 630 762 ulla
653 714 709 761 res
732 713 777 762 ex
800 697 971 762 sententia
994 696 1123 760 evenit:
1194 741 1197 752 .

196 818 276 874 »Nisi
291 835 339 873 me
353 820 471 874 animus
486 819 572 887 fallit,
591 819 670 873 haud
685 820 814 874 multum
833 835 851 874 a
870 834 918 872 me
936 820 1032 873 aberit
1050 819 1261 874 infortunium:

196 909 259 962 21ta
278 909 334 963 hac
352 923 384 962 re
402 909 434 962 in
453 911 618 976 angustum
637 907 743 978 oppido
762 923 843 962 nunc
862 923 946 964 meae
964 914 1114 978 coguntur
1133 908 1258 978 coplae«

194 1017 304 1083 Nemo
330 1021 392 1096 est,
424 1018 509 1100 quin
532 1017 651 1083 videat
682 1017 945 1083 translationem
977 1017 1109 1082 factam
1132 1019 1178 1082 ab
1201 1015 1370 1100 exercitu,

77 1127 146 1209 qui
171 1125 208 1188 in
232 1125 401 1205 angustiis
424 1126 565 1191 clausus
588 1143 626 1189 se
649 1126 812 1207 expedire
835 1129 993 1208 nequeat
1017 1123 1078 1190 Est
1096 1131 1213 1190 autem
1228 1129 1368 1216 ¹senten·

81 1233 137 1295 tia
162 1231 224 1297 illa
256 1229 392 1296 Graeca
424 1231 596 1313 vulgaris:
629 1237 668 1304 εἰς
692 1235 795 1294 στενὸν
827 1223 936 1318 κομιδῇ
962 1237 993 1294 αἱ
1023 1225 1157 1318 δυνάμεις
1189 1233 1256 1318 ἐμοὶ
1287 1235 1370 1294 καθ-

87 1339 240 1400 ίστανται.

198 1444 417 1510 Reddendam
451 1463 526 1510 esse
557 1445 741 1527 pecuniam
782 1447 947 1510 Bacchidi
980 1447 1077 1512 videt
1112 1446 1221 1529 Syrus
1253 1447 1368 1511 admo-

88 1555 214 1634 netque
237 1550 454 1618 Chremetem
478 1553 570 1617 illius
593 1552 781 1634 proverbii:

196 1659 269 1722 »ius
293 1675 467 1723 summum
490 1677 594 1742 saepe
617 1666 786 1724 summast
810 1662 962 1725 malitia«
978 1659 1008 1740 ἵ).

191 1762 293 1844 Quae
316 1766 426 1829 verba
449 1766 554 1830 facile
576 1768 783 1848 respondent
807 1768 875 1831 illis
899 1767 1130 1832 Menandreis:

191 1874 288 1934 καλὸν
322 1875 349 1932 οἱ
373 1872 459 1957 νόμοι
488 1863 589 1958 σφόδρ’
617 1873 698 1950 εἰσίν,
722 1878 738 1934 ὁ
763 1868 871 1959 δ’ὁρῶν
896 1879 967 1947 τοὺς·
990 1875 1096 1958 νόμους
1126 1873 1196 1935 λίαν
1228 1873 1368 1958 ἀκριβῶς,

81 1979 283 2064 σωκοράπρς
307 1977 445 2063 φαίνεται
456 1977 487 2058 ³).

191 2084 309 2149 Iratus
334 2083 497 2151 Chremes
520 2086 667 2151 ludibrio
688 2086 739 2165 fit,
771 2085 880 2151 donec
904 2087 1125 2152 Menedemus
1149 2085 1361 2151 Bacchidem

80 2209 160 2256 esse
183 2191 401 2273 Clitiphontis
432 2195 594 2276 amicam,
624 2211 693 2259 non
717 2190 849 2258 Cliniae
872 2195 997 2276 aperit3
1030 2210 1137 2258 senex
1170 2193 1284 2276 igitur,
1308 2190 1368 2274 qui

81 2301 167 2362 ante
181 2299 351 2381 monebat,
369 2299 523 2381 indigere
541 2300 680 2364 videtur
698 2300 938 2367 admonitione.
956 2298 1075 2380 Quare
1093 2299 1285 2366 rectissime
1305 2299 1364 2362 mi·

82 2409 185 2470 ratur
211 2405 446 2471 Menedemus:

779 2511 859 2567 Tene
878 2514 954 2568 istuc
972 2513 1065 2583 loqui!

296 2597 401 2654 Nonne
419 2600 449 2654 id
469 2601 627 2671 flagitiust,
647 2607 677 2655 te
695 2602 762 2656 aliis
780 2603 936 2657 consilium
955 2603 1035 2668 dare,

303 2687 386 2744 Foris
405 2705 515 2759 sapere,
535 2691 590 2744 tibi
608 2707 666 2746 non
686 2693 762 2760 potis
782 2707 845 2746 esse
864 2693 1074 2758 auxiliarler⁴).

191 2817 306 2901 Vulgo
338 2824 458 2882 notum
489 2823 542 2883 est
565 2818 663 2883 illud:
695 2819 756 2902 qui
778 2819 851 2900 ipse
875 2819 938 2883 sibi
962 2819 1100 2901 sapiens
1125 2820 1285 2901 prodesse
1309 2837 1365 2882 ne·

83 2923 168 3008 quit,
192 2924 402 3009 nequiquam
434 2925 533 3008 sapit.
567 2926 684 2991 Utitur
707 2927 829 2991 eadem
852 2928 925 2992 fere
957 2927 1128 2992 sententia
1162 2925 1364 2991 Menander:

79 3042 163 3118 μισῶ
189 3032 342 3119 σοφιστήν,
367 3034 448 3107 ὅστις
472 3036 529 3119 οὐχ
552 3039 638 3117 αὐτῷ
663 3031 795 3118 σορόςῧ).

191 3140 339 3205 Etcum
371 3140 483 3223 Syrus
514 3138 757 3223 Clitiphontem
791 3147 914 3221 mouet,
949 3144 987 3204 ut
1017 3140 1063 3203 ad
1093 3140 1365 3206 misericordiam

79 3254 247 3331 parentes
278 3247 441 3330 adducat,
473 3252 603 3312 matres
635 3264 752 3312 omnes
784 3247 865 3312 filiis
897 3247 932 3310 in
965 3251 1110 3328 peccato
1143 3246 1365 3326 adiuuicest

81 3356 214 3421 auxilio
237 3356 274 3419 iu
297 3359 444 3438 paterna
477 3356 604 3420 iniuria
634 3373 710 3420 esse
737 3355 856 3418 solitas
887 3359 997 3436 putat.
1029 3354 1133 3422 Venit
1155 3355 1191 3418 in
1215 3358 1365 3421 mentem

82 3462 168 3528 illud
190 3480 359 3546 graecum
384 3463 578 3529 Menandri:

299 3572 363 3630 ἔστι
387 3561 421 3632 δὲ
443 3569 542 3656 μήτηρ
567 3569 740 3655 φιλότεκνος
762 3572 880 3655 μᾶλλον
902 3569 1027 3654 πατρός·

297 3679 316 3759 ἡ
340 3674 471 3762 μὲνγὰρ
496 3681 589 3760 αὐτῆς
613 3669 691 3737 οἶδεν
714 3673 790 3748 ὄνθ’,
815 3680 830 3736 d
855 3667 880 3736 δ’
909 3678 1014 3738 οἴεται.
1027 3671 1049 3752 ⁷)

194 3923 215 3991 ¹)
236 3921 345 3977 Heaut.
364 3924 425 3978 668.

191 4012 214 4080 ¹)
234 4011 341 4065 Heaut.
361 4012 422 4067 696.

232 4099 359 4155 Kockius
378 4101 440 4157 635.

192 4101 214 4168 ³)

192 4189 214 4259 ⁴)
235 4189 343 4244 Heaut.
362 4190 423 4246 921.

191 4279 213 4348 ⁶)
233 4278 368 4332 Melneke
388 4279 541 4333 Menandri
559 4279 661 4350 Γνῶμαι
681 4300 734 4343 μον.
755 4281 815 4334 332.

191 4369 214 4438 ⁰)
234 4368 343 4423 Heaut.
363 4385 392 4421 v.
412 4369 473 4425 991,

192 4460 213 4527 ⁷)
235 4457 367 4512 Kockius
386 4458 446 4514 657.
