3198 5032
608 289 827 354 -19,

183 504 334 574 Interest
365 505 484 571 autem
507 503 597 570 inter
628 502 776 568 latinam
798 507 834 569 et
855 519 1031 586 graecam,
1054 505 1146 587 quod
1169 505 1205 570 in
1227 525 1358 590 gram

76 611 240 691 cuniam)
265 603 706 694 Clitiphontemallocutus
727 629 804 678 esse
826 611 975 693 videtur,
998 629 1066 676 non
1089 611 1228 696 Syrum.
1270 615 1357 684 (lum

75 726 194 789 autem
228 720 340 803 syrus
364 716 580 786 Chremetem
603 718 761 801 monetq
793 724 832 784 ut
854 717 1098 804 Clitiphontsm
1121 722 1218 788 abire
1241 723 1357 790 deam·

75 829 235 900 bulatum
259 828 379 894 iubeat
400 826 534 908 quovis,
556 831 592 892 et
613 824 763 908 Clitipho
780 832 886 909 optat,
910 830 948 892 ut
970 826 1099 909 Syrum
1117 831 1152 894 di
1171 831 1359 916 eradicent,

73 935 161 1005 abiit
183 954 223 1002 re
246 951 335 1003 vera
359 932 506 1015 Clitipho
528 939 563 1000 et
584 933 775 1000 revertitur
797 934 936 1003 demum
960 955 994 1001 v.
1018 935 1092 1019 805,
1116 937 1173 1001 ubi
1197 937 1358 1004 deambu-

72 1045 243 1115 lationem
266 1043 358 1108 hanc
382 1059 419 1108 se
442 1040 488 1106 ad
510 1040 713 1123 languorem
736 1041 870 1108 dedisse
894 1049 1017 1110 narrat
1039 1063 1152 1127 neque
1169 1046 1358 1129 quicquam
1435 1075 1437 1082 >

73 1151 193 1233 magis
215 1147 345 1230 metuit,
368 1167 412 1213 ne
434 1147 546 1214 denuo
568 1150 674 1214 miser
696 1148 813 1232 aliquo
837 1151 1053 1232 extrudatur,
1077 1171 1121 1216 ne
1143 1152 1291 1218 accedat
1309 1154 1357 1236 ad

76 1257 300 1323 Bacchidem.
322 1255 469 1324 Nencini
492 1257 513 1324 l
537 1257 557 1322 l.
580 1260 682 1339 putat
705 1258 811 1338 igitur
833 1255 1077 1340 Clitiphontem
1100 1261 1146 1325 ab
1164 1261 1226 1326 illa
1244 1261 1357 1326 deam·

78 1365 256 1436 bulatione
278 1363 374 1446 prius
396 1364 491 1446 apud
514 1363 745 1438 Menandrum
768 1383 875 1448 quam
893 1366 987 1446 apud
1002 1367 1201 1439 Terentium
1215 1370 1358 1436 rediisse

80 1490 223 1560 remque
247 1471 365 1556 paullo
387 1472 490 1538 aliter
503 1470 597 1556 apud
621 1471 851 1541 Menandrum
869 1473 1150 1548 administratam
1168 1495 1253 1552 esse.
1274 1477 1358 1543 Mihi

80 1581 217 1668 quidem
231 1598 299 1644 non
313 1580 457 1645 dubium
470 1598 547 1648 esse
560 1579 708 1667 videtur,
721 1581 807 1668 quin
821 1581 1002 1656 Terentius
1015 1585 1050 1645 et
1063 1583 1129 1659 hoc
1143 1583 1218 1650 loco
1228 1588 1263 1649 et
1273 1584 1357 1660 mul?

80 1691 123 1756 tis
137 1688 215 1759 aliis
229 1686 386 1756 nonnihil
395 1687 593 1760 mutaverit.
601 1686 740 1758 Scaena
749 1688 841 1756 enim
851 1693 953 1760 actus
964 1689 1066 1771 primi
1105 1757 1108 1766 ,
1121 1669 1208 1756 itera
1219 1691 1356 1766 initium

79 1797 175 1864 ducit
188 1814 211 1863 a
225 1796 326 1864 brevi
344 1795 514 1878 colloquio
533 1793 750 1878 Clitiphontis
764 1799 800 1860 et
813 1794 955 1878 Cliniae,
974 1797 1032 1864 ubi
1047 1795 1195 1880 Clitipho
1210 1796 1358 1871 Cliniam

78 1904 266 1974 admonere
279 1902 403 1986 studet,
417 1921 461 1969 ne
474 1907 641 1974 vereatur
650 1902 847 1989 falsamque
856 1904 1120 1970 sollicitudinem
1131 1907 1255 1988 mittm,
1264 1923 1357 1988 quae

76 2031 158 2077 eum
180 2009 371 2076 excruciet.
395 2009 457 2075 His
480 2009 583 2073 dictis
597 2017 733 2096 patrem
746 2011 979 2094 conspicatur,
993 2029 1143 2096 quocum
1158 2013 1278 2086 relicto
1294 2010 1358 2086 Oli-

76 2118 136 2187 nia
155 2117 374 2203 colloquitur.
391 2117 496 2192 Haud
510 2117 653 2184 dubium
672 2116 778 2202 igitur
796 2124 856 2200 est,
875 2119 966 2202 quim
978 2123 1013 2192 et
1031 2120 1051 2184 l.
1070 2119 1092 2186 l.
1111 2119 1241 2202 aliquid
1260 2137 1284 2192 a
1299 2119 1358 2184 Te·

77 2228 189 2300 rentio
208 2230 382 2295 resectum
397 2227 442 2290 sit
459 2245 504 2292 ex
523 2227 736 2298 Menandrea
754 2227 876 2296 rabula
893 2232 929 2292 et
945 2228 1181 2310 fragmentum
1201 2227 1361 2302 ultimum

80 2337 150 2400 huc
173 2334 354 2416 pertineat
376 2333 524 2399 Nencini
547 2336 664 2398 antem
689 2351 817 2414 magna
841 2334 1089 2408 immutationis
1112 2334 1261 2416 vestigia
1284 2350 1360 2416 per·

80 2440 234 2525 spexisse
253 2441 318 2506 sibi
337 2440 485 2525 videtur,
504 2459 584 2507 cum
604 2459 736 2506 novum
754 2448 1009 2525 argumentum,
1028 2441 1283 2526 qualecumque
1297 2446 1359 2521 est,

77 2552 209 2617 habere
233 2549 298 2614 sibi
321 2550 407 2627 vult,
431 2553 469 2615 ut
492 2549 660 2633 primaria
682 2549 823 2615 fabulae
847 2566 930 2633 pars
961 2553 1061 2634 (quae
1084 2550 1181 2614 cirea
1200 2549 1358 2615 Menede-

77 2676 174 2722 mum
197 2654 378 2740 iiliumque
403 2659 441 2720 ut
464 2674 529 2738 par
551 2660 604 2730 est
626 2657 842 2738 potissimum
871 2663 1023 2738 versata)
1054 2657 1283 2723 secundariae
1306 2656 1360 2722 de·

78 2765 241 2829 trimento
272 2765 309 2828 in
331 2765 474 2830 brevius
496 2783 518 2829 a
540 2765 702 2838 Terentio
733 2768 917 2830 contracta
940 2764 1087 2830 dicatur.
1120 2762 1220 2845 Quod
1242 2767 1360 2829 autem

80 2873 314 2954 fragmentum
338 2873 464 2937 iniuria
488 2872 533 2936 ad
557 2871 682 2937 Heaut.
705 2892 739 2938 v.
762 2872 828 2940 452
852 2872 958 2955 vulgo
982 2873 1131 2938 relatum
1151 2890 1225 2937 esse
1244 2877 1362 2936 censet

394 2977 494 3053 Αὑλὰς
517 2971 687 3066 θεραπεύειν
709 2980 761 3041 καὶ
786 2980 945 3074 σατράπας

79 3085 166 3150 mihi
203 3087 339 3170 quidem
375 3088 550 3153 erravisse
587 3086 726 3158 videtur
762 3087 819 3152 vir
856 3088 987 3170 doctus,
1019 3105 1103 3151 nam
1134 3085 1245 3151 verba
1272 3085 1361 3152 haec

77 3214 99 3259 a
124 3193 318 3262 Chremetis
340 3195 458 3260 verbis
481 3195 657 3260 luxuriam
677 3213 721 3261 ac
739 3193 929 3279 nequitiam
949 3173 1133 3258 Bacchidis
1156 3193 1361 3275 castigantis

78 3321 148 3367 non
172 3303 304 3367 absona
328 3321 403 3368 esse
425 3303 621 3368 luculenter
644 3311 800 3385 apparet.

692 3553 752 3617 III.

187 3713 264 3782 Iam
296 3732 341 3782 ex
372 3713 441 3786 iltis
477 3714 690 3797 fragmentis,
722 3732 817 3798 quae
853 3715 982 3780 anferre
1012 3718 1049 3777 et
1077 3711 1361 3786 annotationibus

79 3824 260 3889 illustrare
283 3822 486 3903 studuimus,
510 3822 691 3885 manifesto
709 3825 865 3903 apparet,
889 3838 995 3904 quam
1019 3819 1140 3885 sollers
1158 3823 1193 3884 ct
1212 3818 1360 3900 ingenio·

82 3929 371 4012 susinextemplo
381 3929 487 3993 attico
498 3928 737 3992 transferendo
746 3933 848 4011 poeta
865 3929 977 3992 fuerit.
998 3927 1027 3990 N
1032 3945 1100 3991 unc
1109 3927 1309 4009 quaestione
1319 3925 1362 3990 de

81 4039 123 4104 de
143 4037 364 4102 Menandreis
378 4037 583 4119 fragmentis
600 4035 762 4117 expedita
776 4036 821 4099 ad
836 4035 985 4100 alteram
1004 4034 1107 4098 huius
1121 4032 1357 4098 dissertatiun-

81 4147 186 4212 culae
196 4147 332 4226 partem
342 4145 491 4210 transire
502 4145 538 4208 in
547 4143 662 4208 animo
672 4150 732 4225 est,
747 4161 817 4225 qua
827 4161 884 4207 eos
894 4141 1032 4206 Terenti
1046 4142 1206 4208 Heauton
1221 4141 1360 4209 timoru-

193 4396 214 4462 ¹)
232 4392 357 4448 Cliniam
371 4394 560 4463 Pamphilum
568 4350 600 4447 in
609 4407 717 4461 graeca
727 4392 912 4446 nominatum
923 4391 1015 4444 fuisse
1024 4391 1128 4458 probat
1141 4387 1266 4445 Nencini
1277 4405 1303 4459 p.
1317 4388 1361 4445 75.

192 4485 215 4551 ¹)
233 4483 342 4538 ibidem
361 4501 388 4538 v.
408 4483 468 4539 585.

1220 4568 1253 4621 2*
