3198 5032
700 189 962 312 kro-

215 460 306 528 meni
325 460 418 525 locos
441 458 680 540 tractabimus,
703 475 790 541 quos
812 453 953 541 originis
976 475 1125 541 graecae
1148 459 1297 540 vestigia
1319 459 1499 541 quaedam

107 551 109 556 ’
215 569 383 649 notasque
406 565 589 630 affinitatis
613 565 815 630 manifestas
839 566 1094 647 praeseferre
1117 565 1296 647 probabile
1318 569 1379 630 est.
1402 565 1500 630 Fieri

214 673 306 740 enim
331 691 399 739 non
423 675 542 755 potest,
567 671 651 754 quin
674 671 709 735 in
733 672 861 751 fabula,
886 673 985 736 cuius
1008 673 1102 753 origo
1125 672 1170 737 sit
1192 676 1300 755 certa,
1328 689 1498 754 saepenu-

214 798 309 846 mero
341 797 422 844 cum
455 779 646 844 sententiae
679 783 752 842 tum
784 780 895 845 verba
918 797 940 842 a
971 777 1116 845 Graecis
1153 779 1260 861 petita
1297 786 1499 846 occurrant.

215 887 330 973 Atque
352 887 505 950 omnium
528 886 679 968 primum
702 886 745 950 de
768 886 1044 968 proverbialibus
1068 885 1253 969 sententiis,
1276 904 1367 969 quae
1390 886 1426 949 in
1444 887 1498 950 fa-

214 994 299 1059 bula
322 993 526 1076 exponenda
550 994 721 1075 leguntur,
749 993 903 1058 nonnihil
926 993 1103 1059 disseram.
1135 990 1299 1060 chremes
1322 993 1436 1076 igitur,
1457 997 1500 1058 ut

214 1101 406 1192 amicitiam
430 1117 529 1165 suam
554 1099 754 1164 Menedemo
778 1100 943 1182 ostendat,
966 1100 1062 1164 dicit:

325 1223 444 1304 »Quod
468 1243 530 1308 ego
554 1225 590 1288 in
613 1225 806 1307 propinqua
830 1229 931 1306 parte
953 1225 1127 1289 amicitiae
1150 1231 1251 1307 puto«
1267 1225 1298 1305 ¹).

322 1349 422 1430 Quae
445 1351 556 1414 verba
580 1368 661 1414 cum
680 1350 737 1414 illo
757 1349 928 1429 Hesiodi')
951 1369 1058 1416 versu
1081 1352 1174 1416 haud
1197 1352 1386 1417 difficulter
1404 1370 1499 1416 com-

216 1460 296 1541 poni
320 1460 452 1540 queunt
471 1459 525 1519 τὸν
545 1448 579 1518 δὲ
597 1458 733 1543 μάλιστα
755 1461 866 1535 καλεῖν,
890 1459 971 1530 ὅστις
994 1457 1081 1520 σέθεν
1099 1459 1206 1545 ἐγγύθι
1225 1459 1298 1521 ναίει
1316 1459 1348 1522 h.
1367 1477 1396 1522 0.
1414 1477 1500 1523 eum

215 1583 301 1631 vero
333 1553 549 1646 potissimum
582 1570 717 1648 vocat0,
749 1566 959 1648 quicumque
987 1569 1021 1630 te
1044 1584 1150 1648 prope
1182 1566 1326 1630 habitat.
1358 1566 1426 1631 Res
1450 1567 1500 1630 ad

215 1672 432 1738 commodam
469 1672 686 1736 vicinitatem
724 1672 897 1754 pertinere
928 1673 1077 1738 videtur.
1114 1672 1150 1739 Si
1181 1676 1298 1738 autem
1331 1670 1501 1738 Chremes

215 1797 341 1861 agrum
364 1778 418 1843 his
442 1778 637 1860 regionibus
670 1779 846 1844 meliorem
877 1798 990 1863 neque
1012 1781 1113 1862 pretii
1141 1780 1281 1844 maioris
1302 1780 1463 1845 inveniri
1475 1779 1502 1859 ⁸)

215 1888 331 1967 negat,
363 1887 500 1966 politam
533 1884 715 1949 Menandri
747 1885 832 1949 illud
866 1889 957 1972 ἀγρὸν
980 1885 1185 1971 εὐσεβέστερον
1216 1896 1355 1973 γεωργεῖν
1379 1867 1500 1948 ὀὐδένα

218 1989 301 2077 οἶμαι
323 1992 359 2054 in
382 1991 498 2054 animo
520 1990 683 2056 habuisse
706 1992 782 2056 veri
805 1992 915 2057 simile
939 1995 998 2056 est.

322 2093 477 2162 Callidus
500 2095 610 2179 Syrus
634 2097 844 2162 Bacchidem
863 2098 908 2162 ad
928 2102 1063 2180 patrem
1085 2097 1300 2181 Clitiphontis
1324 2098 1497 2165 adducen-

215 2207 298 2271 dam
321 2208 425 2269 curat
443 2208 477 2268 et
495 2221 578 2268 cum
602 2203 750 2286 Clitipho
773 2205 1007 2286 impudentem
1030 2209 1136 2289 atque
1158 2208 1329 2272 audacem
1354 2224 1499 2272 servum

217 2331 296 2378 eum
320 2311 471 2399 dixisset,
496 2311 553 2376 ille
576 2310 757 2393 gloriatur:

326 2435 423 2501 »Non
445 2436 487 2498 fit
510 2435 583 2500 sine
608 2436 736 2516 periclo
759 2437 897 2502 facinus
920 2455 1086 2520 magnum
1106 2443 1175 2503 'nec
1198 2439 1452 2504 memorabile«.

322 2559 409 2626 Cum
433 2561 590 2642 emphasi
612 2561 763 2644 quadam
788 2563 882 2626 dicta
900 2581 945 2627 ac
968 2564 1118 2644 superba
1141 2565 1312 2628 sententia
1334 2569 1389 2628 est
1411 2564 1498 2628 mili·
1523 2601 1525 2607 ι

216 2669 315 2749 iaris,
348 2667 494 2732 eandem
525 2670 598 2733 fere
631 2669 712 2733 olim
744 2669 863 2733 inveni
895 2671 988 2751 apud
1021 2668 1232 2735 Herodotum
1242 2668 1267 2751 4)
1297 2672 1418 2756 μεγάλα
1440 2673 1497 2760 γὰρ

216 2775 384 2864 πρήγματα
419 2776 576 2861 μεγάλοισι
610 2767 768 2836 κινδύνοισι
791 2779 858 2838 κτλ.
891 2776 932 2840 In
956 2776 1021 2841 hoe
1044 2780 1161 2843 autem
1194 2779 1387 2858 periculum
1411 2785 1498 2855 erat,

216 2901 299 2948 cum
331 2885 431 2964 patre
463 2887 645 2963 praesente
677 2883 768 2946 domi
800 2884 919 2948 futura
946 2887 1037 2949 esset
1069 2886 1243 2950 meretrix.
1275 2884 1497 2950 Menedemus

216 2992 392 3056 fortunam
422 3007 522 3053 suam
555 2991 770 3072 arguendam
793 2995 856 3054 aut
878 3010 915 3059 se
938 2995 1091 3074 proiecto
1123 2992 1259 3076 ingenio
1291 2993 1427 3074 egregio
1449 2991 1493 3053 ad

217 3096 374 3162 miserias
389 3100 511 3159 natum
526 3115 600 3162 esse
615 3097 815 3180 arbitratur,
830 3103 892 3162 aut
905 3099 1033 3163 falsum
1048 3116 1122 3164 esse
1136 3099 1221 3165 illud
1231 3100 1338 3182 vulgo
1352 3089 1492 3163 dictum:

320 3220 448 3286 ¹»Diem
470 3199 624 3286 adimere
646 3223 897 3304 aegritudinem
921 3222 1133 3288 hominibus«
1147 3221 1181 3304 ⁶).

324 3342 424 3424 Quae
455 3346 628 3411 sententia
660 3347 889 3428 proverbialis
911 3347 947 3411 in
970 3366 1029 3412 ore
1052 3349 1204 3413 omnium
1237 3355 1300 3415 est:
1335 3350 1498 3430 temporis

218 3452 471 3535 longinquitate
493 3453 728 3536 aegritudines
757 3454 872 3517 minui.
906 3454 1013 3520 Recte
1035 3456 1140 3520 etiam
1164 3473 1245 3520 cum
1269 3454 1399 3536 Diphili
1423 3474 1498 3520 sen·

218 3560 339 3624 tentia:

324 3666 420 3752 λύπης
443 3667 540 3752 πάσης
562 3668 676 3754 γίνεται
700 3671 802 3754 ἰατρὸς
822 3669 928 3756 χρόνος
951 3671 1100 3762 conferri
1123 3673 1235 3752 potest
1245 3669 1275 3749 ⁶).

327 3881 348 3943 1)
368 3880 476 3933 Heaut.
496 3895 523 3931 v.
545 3880 587 3934 57.
719 3931 722 3936 .

327 3969 350 4038 ²)
370 3968 463 4038 Opera
483 3977 512 4022 et
531 3969 594 4022 dies
614 3969 676 4025 339.

327 4057 350 4126 ³)
371 4057 478 4112 Heaut.
499 4076 525 4112 v.
546 4060 588 4112 63.
604 4075 644 4128 sq.

326 4150 348 4216 4)
369 4147 433 4212 Vll,
454 4149 496 4202 50.

328 4239 350 4301 ⁵)
370 4237 479 4291 Heaut.
498 4254 525 4290 v.
545 4238 606 4291 422.

327 4327 347 4396 ⁶)
369 4328 500 4382 Kockius
521 4328 570 4382 117
590 4329 643 4382 cfr.
670 4333 822 4397 praeterea
848 4330 912 4382 677:
940 4329 1041 4402 aduren
1065 4327 1148 4399 ἰατρὸς
1167 4337 1218 4381 τῶν
1239 4331 1382 4398 ἀναγκαίων
1412 4336 1499 4381 κακῶν

221 4416 310 4485 χρόνος
330 4415 400 4467 ἐστίν’
421 4410 494 4478 ούτος
514 4419 556 4468 καὶ
575 4416 601 4468 σὲ
621 4424 663 4468 νῦν
682 4417 784 4469 ἰάσεται.
