3198 5032
224 1585 296 1672 De
330 1585 564 1670 Heauton
598 1583 958 1668 Timorumeno
993 1581 1304 1668 Terentiana.

233 1935 416 2016 Quaenam
449 1935 538 1998 ratio
562 1934 719 1998 Terentio
743 1951 824 1998 cum
848 1933 989 1997 comicis
1012 1933 1156 2016 graecis,
1189 1951 1336 2016 quorum
1359 1933 1408 1998 ia-

126 2045 228 2108 bulas
251 2043 381 2106 imitari
404 2042 574 2122 voluerat,
603 2040 842 2122 intercederet,
873 2039 974 2104 multi
997 2039 1066 2104 viri
1089 2039 1181 2104 docti
1214 2041 1410 2122 perspicere

126 2151 244 2216 conati
276 2155 365 2214 sunt.
397 2146 485 2213 Cum
517 2151 635 2213 autem
668 2146 753 2210 nihil
784 2147 961 2211 difficilius
993 2165 1068 2212 esse
1100 2147 1272 2231 videatur,
1303 2165 1410 2230 quam

127 2275 147 2322 e
170 2258 292 2339 paucis
314 2255 520 2338 fragmentis
544 2254 712 2333 conicere,
735 2254 904 2337 quomodo
928 2253 1109 2319 Terentius
1131 2255 1242 2318 fontes
1265 2272 1411 2336 graecos

128 2368 269 2430 secutus
291 2364 344 2446 sit,
368 2379 504 2427 summa
528 2362 644 2426 cautio
667 2361 718 2445 iis,
749 2362 809 2444 qui
832 2360 914 2426 huic
937 2360 1130 2444 quaestioni
1152 2377 1295 2443 operam
1317 2362 1411 2444 dant,

127 2475 181 2538 est
203 2470 410 2535 adhibenda.
433 2467 533 2548 Quae
556 2485 612 2534 res
631 2469 714 2532 mihi
733 2469 881 2551 quidem,
904 2486 986 2532 oum
1005 2468 1046 2532 de
1065 2467 1225 2550 lontibus,
1248 2485 1333 2551 quos
1353 2467 1411 2532 Τθ-

127 2579 261 2646 rentius
280 2578 316 2641 in
335 2577 571 2659 Adelphorum
584 2575 605 2654 ¹)
622 2576 744 2640 fabula
758 2575 995 2658 componenda
1013 2581 1096 2640 ante
1113 2576 1231 2640 oculos
1250 2573 1413 2640 habuisse

35 2695 38 2702 '
71 2677 74 2684 ’
128 2685 278 2768 videtur,
301 2683 525 2767 disputarem,
557 2701 683 2766 magno
706 2683 784 2746 usui
807 2686 885 2747 erat
907 2682 952 2746 ad
985 2683 1173 2748 sententias
1206 2699 1353 2765 graecas
1377 2681 1413 2746 in

127 2791 251 2856 fabula
273 2792 382 2856 latina
406 2790 676 2872 investigandas,
712 2789 813 2854 Nunc
841 2789 1023 2854 occasione
1046 2789 1163 2854 oblata
1186 2790 1228 2854 de
1252 2788 1413 2854 Heauton

129 2899 358 2964 timorumeno
372 2898 581 2963 Terentiana
599 2898 720 2962 tabula
734 2897 852 2962 eodem
867 2897 966 2961 modo
981 2896 1160 2978 disputare
1172 2897 1208 2960 in
1223 2897 1338 2961 animo
1352 2900 1413 2962 est.

709 3134 785 3210 Ἰ.

238 3316 354 3400 Atque
378 3318 531 3382 omnium
555 3317 706 3399 primum
730 3317 914 3382 monedum
937 3322 989 3381 est
1011 3317 1048 3380 in
1070 3317 1139 3381 hac
1157 3317 1278 3380 tabula
1297 3316 1416 3382 deesse

25 3415 26 3506 s
133 3427 261 3492 Donati
284 3429 384 3490 notas
409 3427 599 3507 variasque
622 3424 796 3489 lectiones.
824 3421 924 3503 Quae
946 3441 1031 3488 vero
1054 3424 1220 3506 perierint
1243 3441 1289 3488 an
1312 3424 1416 3506 plane

133 3533 252 3598 nullae
275 3532 348 3597 eius
372 3532 511 3611 luerint,
530 3550 598 3595 non
617 3534 762 3595 constat.
785 3530 964 3613 Eugraphi
983 3534 1100 3596 autem
1120 3530 1417 3613 commentarium,

132 3641 192 3723 qui
217 3643 379 3706 servatus
403 3642 456 3703 est
478 3657 498 3703 e
521 3638 654 3703 decimo
677 3639 825 3718 saeculo,
850 3656 918 3702 non
942 3639 1060 3719 magni
1083 3636 1185 3720 pretii
1206 3655 1282 3703 esse
1304 3641 1339 3703 et
1357 3637 1417 3701 alii

134 3751 173 3811 ut
196 3743 530 3829 Umpfenbaohiusffl
548 3745 741 3811 rectissime
759 3745 993 3810 observarunt
1015 3747 1049 3810 et
1072 3744 1308 3811 recentissimo
1332 3746 1415 3809 tem-

134 3871 217 3936 pore
240 3853 433 3918 Flaminius
457 3851 636 3930 Nencinip
659 3853 784 3918 iudicio
804 3871 866 3918 suo
884 3853 918 3916 id
941 3853 1191 3934 comprobavit.
1214 3849 1314 3931 Quae
1336 3869 1418 3916 oum

133 3961 184 4026 ita
203 3961 282 4044 sint,
300 3961 345 4024 ad
364 3961 544 4044 prologum
563 3960 751 4026 verbosum
768 3978 812 4024 ao
831 3961 1016 4043 copiosum,
1036 3977 1137 4042 quem
1158 3963 1259 4043 poeta
1277 3959 1420 4025 fabulae

135 4064 324 4150 praemisit,
348 4067 432 4132 mihi
455 4067 693 4133 accedendum
716 4071 776 4132 est.

245 4316 266 4384 ¹)
285 4315 329 4369 De
350 4314 494 4384 Adelphis
508 4315 696 4394 Terentianis
710 4315 742 4368 in
757 4329 906 4383 program.
921 4329 1024 4384 gymn.
1039 4307 1223 4368 daroslaviae
1237 4313 1283 4368 ed.
1297 4328 1323 4366 a.
1340 4307 1424 4368 1897.

245 4407 269 4473 ¹)
285 4406 317 4460 in
337 4405 407 4458 edit.
426 4405 492 4458 Ter.
511 4421 538 4474 p.
557 4403 664 4458 XLIII.

246 4493 267 4561 ³)
286 4494 330 4547 Do
349 4493 490 4548 Terentio
509 4495 634 4564 eiusque
653 4493 785 4548 lontibus
804 4493 907 4547 Torini
926 4493 1005 4548 1891.

256 4605 284 4635 ru
298 4605 318 4636 oz
349 4605 365 4635 ιε
380 4605 477 4636 sturmus
493 4598 519 4636 ts.
535 4605 588 4636 rtem
1301 4582 1314 4634 1
