3198 5032
739 289 956 352 ..12-

207 506 259 568 tes
282 521 304 566 a
321 501 443 591 ,pueris
466 501 544 566 ilico
569 501 667 565 nasci
695 517 793 566 senes
820 518 971 582 cumque
993 501 1143 565 amicam
1177 500 1242 564 sibi
1274 518 1349 565 esse
1381 501 1492 581 impo-
1594 544 1596 557 .

206 615 345 690 tentem,
369 628 562 692 procacem,
592 609 824 691 magnificam,
857 612 1104 689 sumptuosam,
1137 608 1285 672 nobilem
1308 607 1492 689 gloriatur,

206 722 327 800 aperte
350 717 465 780 omnia
489 733 553 780 sua
585 715 743 778 facinora
775 713 971 796 confitetur,
1003 715 1093 778 unde
1126 711 1308 779 manifesto
1340 719 1492 795 apparet

207 823 424 888 Chremetem
438 840 584 887 caecum
599 838 740 902 prorsus
753 820 860 886 fuisse
873 837 986 904 neque
1003 822 1190 904 quicquam
1211 821 1253 886 de
1272 822 1313 885 iis
1333 821 1492 886 sensisse.

314 929 476 1014 Sequitur
504 946 633 992 scaena
656 929 770 1009 prima
793 932 895 992 actus
919 927 1020 1009 tertii,
1053 928 1088 990 in
1111 927 1215 1010 qua¹)
1246 925 1410 992 Chremes
1429 946 1489 993 ve-

207 1042 355 1104 mentem
381 1037 416 1101 in
441 1039 782 1119 utramquepartem
808 1035 1047 1099 Menedemum
1073 1037 1227 1118 appellat
1246 1039 1308 1099 aut
1327 1034 1492 1117 largitate

207 1143 314 1208 nimia
337 1147 400 1207 aut
423 1143 643 1224 parsimonia.
673 1142 761 1204 Nam
785 1143 867 1206 olim
891 1160 958 1205 non
983 1160 1106 1224 passus
1130 1147 1182 1207 est
1205 1143 1427 1207 Menedemus
1449 1144 1489 1206 fi-

207 1251 291 1315 lium
307 1255 517 1316 commetare
536 1250 581 1312 ad
596 1249 847 1330 mulierculam,
866 1268 957 1331 quae
977 1254 1051 1313 tum
1070 1259 1147 1314 erat
1165 1254 1328 1315 contenta
1347 1251 1492 1331 paululo

208 1359 333 1440 cuique
357 1362 458 1421 erant
480 1361 583 1439 grata
607 1358 735 1436 omnia3
769 1374 863 1420 nunc
891 1375 971 1421 cum
996 1357 1068 1422 sine
1092 1374 1219 1440 magno
1244 1358 1351 1438 pretio
1375 1363 1410 1421 et
1432 1356 1489 1422 de-

207 1465 369 1528 trimento
394 1464 513 1528 baberi
537 1465 664 1546 nequit,
688 1481 769 1528 cum
793 1465 965 1528 instructa
988 1464 1033 1527 ad
1057 1465 1245 1544 perniciem
1269 1483 1388 1529 secum
1411 1465 1490 1546 plus

208 1572 327 1636 decem
343 1572 500 1636 'ancillas
523 1572 671 1636 adduxit
693 1574 856 1636 oneratas
874 1575 973 1636 veste
992 1589 1155 1654 auroque,
1176 1572 1433 1636 misericordem
1452 1590 1490 1636 se

208 1677 372 1743 Chremes
396 1677 596 1743 Menedemo
621 1687 801 1760 praestare
824 1681 929 1760 cupit,
949 1679 1013 1742 sibi
1032 1679 1097 1760 ipsi
1116 1684 1233 1742 tamen
1253 1678 1489 1743 misericordia

208 1803 294 1866 opus
317 1803 392 1851 esse
416 1787 561 1868 ignorat.
585 1784 696 1866 Quid?
727 1784 814 1850 Cum
839 1787 1078 1850 Menedemum
1101 1785 1172 1848 filio
1196 1786 1380 1867 pecuniam
1404 1787 1489 1850 dare

208 1894 403 1975 paralium
426 1894 588 1978 quemvis
612 1894 706 1958 iubet
730 1898 764 1958 et
787 1894 968 1958 servulum
995 1893 1160 1974 adhiberi,
1194 1911 1306 1957 nonne
1329 1893 1490 1958 videmus

208 2005 345 2082 poetam
370 2002 496 2063 mirum
520 2001 555 2063 in
579 2001 718 2064 modum
751 2002 825 2064 seni
856 1999 1023 2064 illusisse?
1055 2000 1131 2064 Iam
1165 2001 1243 2064 inde
1266 1999 1370 2064 facile
1393 2001 1492 2066 intel-

208 2108 334 2189 legitur
358 2108 581 2189 proverbium
605 2125 626 2170 a
647 2108 846 2173 Menedemo
865 2107 1139 2189 pronuntiatum:
1161 2107 1230 2170 »ita
1249 2109 1491 2188 comparatam

208 2232 283 2280 esse
306 2214 482 2278 hominum
507 2219 671 2278 naturam
695 2215 855 2297 omnium,
879 2215 994 2280 aliena
1018 2220 1056 2278 ut
1080 2215 1202 2278 melius
1226 2215 1370 2279 videant
1387 2218 1422 2278 et
1441 2214 1490 2277 di-

208 2321 369 2403 iudicent,
392 2339 498 2404 quam
523 2340 606 2385 sua«
633 2321 760 2402 optime
782 2323 818 2386 in
841 2320 1059 2387 Chremetem
1082 2322 1280 2387 convenire.

316 2429 362 2492 At
386 2429 563 2510 probabile
586 2447 670 2494 sane
692 2434 946 2513 argumentum,
965 2430 1057 2512 quod
1080 2430 1271 2494 sententiae
1290 2447 1312 2492 a
1331 2427 1380 2492 Fi.
1400 2427 1490 2493 Nen-

208 2535 278 2600 cini
301 2536 692 2619 probataerepugnare
710 2537 858 2618 videtur,
882 2540 933 2602 est
956 2537 1165 2620 colloquium
1189 2535 1379 2600 Chremetis
1404 2533 1493 2619 Syro

184 2638 243 2706 ¹in
267 2642 381 2706 altera
404 2647 505 2708 actus
529 2645 620 2708 tertii
644 2662 774 2708 scaena
792 2645 922 2708 datum.
945 2641 1109 2708 Chremes
1128 2644 1334 2708 adhortatur
1352 2642 1491 2726 Syrum,

209 2754 248 2815 ut
267 2751 506 2816 Menedemum
529 2751 631 2815 fallat
654 2752 753 2834 eique
777 2751 962 2832 pecuniam
985 2751 1109 2832 quovis
1134 2752 1232 2815 modo
1263 2751 1389 2832 eripiat
1422 2769 1491 2815 ser-

208 2874 363 2942 vumque
386 2857 616 2937 (Dromonem)
646 2857 878 2923 adulescentis
903 2857 1046 2940 pistrino
1070 2857 1212 2937 dignum
1237 2875 1310 2922 esse
1343 2857 1489 2922 arbitra·

208 2970 274 3046 tur,
298 2966 358 3049 qui
381 2983 505 3046 passus
528 2965 573 3028 sit
594 2965 705 3029 filium
729 2965 844 3046 inopia
868 2965 1060 3046 profugisse
1078 2963 1114 3026 fn
1134 2963 1261 3030 Asiam.
1285 2962 1419 3043 Quibus
1439 2981 1490 3029 re·

209 3074 273 3137 bus
306 3073 434 3136 auditis
466 3071 577 3154 Syrus
601 3073 862 3154 obstupefactus
886 3070 1024 3154 rogavit
1048 3069 1232 3151 dominum,
1255 3071 1338 3153 quid
1361 3073 1489 3137 facien-

209 3181 292 3244 dum
315 3184 405 3246 esset
428 3196 531 3244 servo
555 3178 622 3242 illi?
645 3179 732 3242 Tum
756 3175 934 3242 Chremes:

853 3308 986 3378 »Rogas?

424 3401 547 3471 Aliquid
566 3402 717 3470 reperiret,
737 3401 869 3468 fingeret
888 3399 1028 3466 fallacias,

424 3491 509 3546 Unde
529 3496 606 3544 esset
625 3490 816 3556 adulescenti,
835 3491 948 3543 amicae
968 3489 1047 3556 quod
1065 3489 1159 3558 daret,

423 3580 523 3650 Atque
542 3581 623 3634 hunc
641 3579 797 3633 difficilem
817 3580 947 3633 invitum
967 3583 1101 3632 servaret
1121 3593 1236 3632 senem«
1248 3581 1270 3643 ²)

315 3698 378 3765 Cui
402 3701 592 3764 sententiae
606 3702 743 3762 astutus
767 3716 891 3763 servus
914 3699 978 3762 vix
1001 3698 1143 3763 credere
1167 3696 1245 3761 vult
1258 3701 1293 3761 et
1308 3698 1426 3761 iocone
1445 3712 1492 3759 an

210 3808 298 3874 serio
318 3806 481 3874 Chremes
501 3807 611 3871 verba
631 3806 719 3870 haec
738 3804 945 3887 prompserit
961 3805 1106 3887 ignorat.
1130 3805 1177 3868 At
1204 3822 1246 3869 ea
1265 3821 1329 3887 res,
1358 3808 1493 3867 utcum-

209 3933 277 3998 que
300 3933 337 3980 se
360 3916 473 3996 habet,
497 3914 593 3978 addit
616 3931 719 3977 servo
743 3913 899 3976 stimulos
923 3913 968 3976 ad
992 3930 1103 3976 novas
1126 3911 1287 3976 fallacias
1311 3910 1383 3976 seni
1403 3913 1491 3974 stru·

209 4023 326 4087 endas
359 4019 522 4087 Chremes
546 4020 653 4102 igitur
677 4020 698 4083 l.
721 4019 742 4084 l.
767 4019 892 4084 collum
927 4019 1048 4084 inserit
1082 4020 1116 4082 in
1149 4019 1312 4100 laqueum
1345 4035 1494 4120 eumqqe

210 4237 385 4319 praebeat.

319 4396 340 4464 ²)
358 4394 466 4450 Heaut.
485 4393 587 4447 v.'440
606 4408 668 4462 sqq.

318 4487 339 4552 ¹)
356 4484 464 4539 Heaut.
484 4499 513 4536 ν.
533 4483 586 4538 533
607 4497 668 4552 sqq.
