3198 5032
775 212 992 278 ,28-

244 426 366 492 Asiam
389 427 575 491 militatum
598 426 684 490 abiit
695 426 724 506 ¹).
742 406 824 491 'Rex
846 445 994 508 magnus
1009 427 1041 491 h.
1055 445 1083 490 e.
1097 443 1161 491 rex
1180 425 1368 491 Persarum
1387 429 1548 508 βασιλεὺς
1581 406 1582 447 i

247 539 263 594 o
277 532 371 620 μέγας
384 534 420 597 in
435 534 619 615 proverbio
632 534 726 615 apud
740 538 877 600 veteres
890 537 976 600 erat
996 532 1123 598 Eodem
1139 533 1237 597 modo
1251 537 1417 615 satrapae
1433 535 1548 616 apud

247 640 455 723 Babylonios
478 640 701 722 appellantur
723 641 881 705 ditissimi
900 644 936 706 et
953 640 1119 706 satellites
1139 657 1261 722 regum
1280 643 1314 704 et
1332 640 1429 722 apud
1448 641 1546 706 Per·
1578 632 1580 715 l

246 765 304 812 sas
318 752 476 829 satrapes
495 749 702 830 appellatur,
725 748 880 831 quisquis
899 747 1084 830 praedives
1101 751 1154 812 est
1173 748 1273 812 homo
1292 752 1355 812 aut
1373 748 1548 813 maxime
1579 736 1580 753 ¹

246 859 376 938 potens,
398 855 481 938 quia
505 854 691 920 Persarum
714 875 795 936 opes
818 858 914 920 lama
932 855 1170 920 efferebantur
1193 854 1342 940 vulgari.
1366 853 1547 920 Ancillas
1579 844 1580 853 ’

246 979 365 1026 secum
389 947 535 1026 adduxit
558 962 707 1028 Bacchis
730 963 849 1028 decem
872 965 1034 1027 oneratas
1058 968 1155 1026 veste
1178 965 1213 1025 et
1235 979 1333 1044 aur0;
1357 966 1391 1026 et
1413 961 1547 1026 iratus

247 1067 410 1134 Chremes
433 1071 624 1134 exclamat:
657 1074 800 1151 satrapa
829 1071 858 1134 si
881 1071 945 1134 siet
977 1071 1121 1150 amator,
1153 1086 1345 1152 numquam
1376 1071 1546 1134 sufferre

245 1177 319 1242 eius
344 1180 501 1264 sumptus
524 1180 631 1261 queat
641 1175 669 1256 ³).
694 1176 746 1242 De
769 1177 945 1258 Dionysiis
968 1177 1009 1240 fit
1033 1177 1168 1256 mentio,
1192 1177 1251 1239 ubi
1274 1173 1439 1241 Chremes
1462 1178 1543 1242 Me·

246 1284 430 1349 nedemum
452 1284 498 1347 ad
522 1302 558 1348 se
582 1284 721 1348 invitat:

357 1388 545 1472 »Dionysia
569 1391 626 1455 hic
649 1396 731 1456 sunt
753 1391 864 1456 hodie:
888 1390 981 1472 apud
1005 1408 1060 1463 me
1083 1391 1130 1454 sis
1153 1389 1275 1470 voloq.

246 1502 281 1563 et
305 1497 453 1562 Bacchis
477 1497 627 1562 ancillae
650 1498 825 1580 Phrygiae
848 1497 1023 1579 negotium
1046 1497 1120 1560 dat:

357 1602 558 1669 »Curriculo
581 1623 759 1686 percurre:
783 1604 877 1688 apud
899 1622 979 1669 eum
1002 1603 1101 1670 miles
1124 1603 1293 1686 Dionysia
1316 1604 1428 1686 agitat
1436 1601 1476 1683 ⁴=).

354 1712 473 1777 Festos
505 1713 577 1776 dies
608 1713 790 1795 agitabant
818 1712 1045 1777 Athenienses
1079 1710 1252 1792 Dionysio,
1285 1729 1376 1794 quae
1408 1729 1430 1775 a
1465 1713 1541 1778 deo

247 1819 416 1900 Dionysia
439 1819 667 1884 vocabantur.
690 1819 765 1883 Iam
790 1819 878 1882 inter
902 1835 1020 1882 omnes
1051 1820 1188 1882 constat
1211 1817 1280 1882 tria
1302 1817 1408 1882 fuisse
1431 1819 1536 1899 apud

248 1927 475 1991 Athenienses
489 1923 671 2007 Dionysia:
685 1927 727 1986 τὰ
741 1927 771 1986 ἐν
786 1930 879 2004 ἄστει,
894 1925 936 1984 τὰ
949 1921 1017 1984 κατ’
1037 1924 1151 2010 ἀγρούς,
1166 1923 1306 1989 Lenaea
1317 1921 1348 2003 ὁ).
1367 1922 1454 1989 Cum
1471 1926 1497 1989 l.
1512 1925 1537 1987 l.

248 2033 411 2098 Chremes
426 2033 665 2098 Menedemum
689 2033 734 2096 ad
758 2032 927 2113 Dionysia
950 2031 1076 2096 invitet
1094 2032 1167 2095 ruri
1186 2035 1404 2112 occupatum,
1424 2033 1529 2096 nulla

247 2139 313 2204 nisi
336 2158 427 2222 quae
450 2141 484 2203 in
508 2140 602 2222 agris
625 2141 809 2221 agitentur,
833 2141 929 2220 patet
947 2137 1149 2220 significari.

353 2245 451 2312 Haec
475 2248 638 2330 quoniam
661 2245 883 2325 absolvimus
908 2247 979 2309 iam
1002 2245 1047 2310 ad
1066 2245 1201 2310 calcem
1217 2244 1318 2310 huius
1337 2244 1532 2308 dissertati-

248 2354 399 2418 unculae
414 2355 571 2436 provecti
585 2371 714 2418 sumus,
728 2353 850 2418 Liceat
864 2352 969 2436 igitur
983 2370 1090 2436 quam
1107 2351 1333 2433 paucissimis
1348 2367 1441 2434 quae
1456 2371 1531 2418 ma-

247 2461 332 2524 ximi
351 2464 433 2524 sunt
451 2461 622 2540 momenti,
636 2465 792 2543 repetere
809 2461 893 2527 etin
910 2477 1017 2524 unum
1032 2458 1332 2540 comprehendere.
1355 2457 1396 2522 In
1411 2460 1532 2540 prima

247 2567 353 2648 igitur
376 2573 476 2649 parte
499 2568 541 2631 de
565 2568 703 2650 prologo
726 2567 887 2632 Heauton
919 2566 1139 2631 timorumeni
1162 2564 1317 2629 nonnihil
1340 2565 1534 2648 disputavi,

247 2675 436 2764 sententias
468 2676 624 2740 virorum
648 2676 836 2757 doctorum,
867 2675 927 2757 qui
949 2675 1047 2737 viam
1071 2672 1276 2737 emendandi
1300 2673 1369 2736 iam
1393 2673 1532 2754 pridem

247 2785 611 2847 commonstraverunt
633 2785 667 2846 ot
686 2782 814 2845 multas
833 2780 1090 2846 observationes
1109 2780 1259 2861 optimae
1276 2780 1387 2862 frugis
1406 2779 1532 2844 adum-

248 2891 450 2971 braverunt,
483 2889 704 2954 nihilominus
736 2889 858 2954 studiis
885 2889 953 2952 illis
981 2888 1093 2953 denuo
1125 2888 1312 2969 resumptis
1344 2887 1532 2970 percensui

249 2997 417 3079 singulas;
450 2997 485 3060 in
507 2998 620 3061 altera
644 2995 825 3061 Menandri
848 2997 1054 3078 fragmenta,
1088 3011 1178 3077 quae
1202 2999 1396 3076 supersunt,
1419 3011 1531 3079 quan-

247 3104 430 3188 doquidem
454 3104 547 3168 haud
571 3104 714 3168 dubium
745 3107 805 3184 est,
838 3104 922 3187 quin
954 3101 1133 3167 Terentius
1156 3118 1322 3182 graecam
1346 3101 1531 3165 Menandri

248 3212 404 3277 fabulam
427 3215 509 3276 ante
532 3212 649 3276 oculos
673 3211 833 3276 habuerit
857 3209 1036 3292 multaque
1059 3209 1105 3272 ab
1123 3227 1165 3274 ea
1185 3211 1365 3272 mutuatus
1383 3225 1458 3273 esse
1477 3208 1530 3272 vi·

249 3319 382 3402 deatur,
415 3336 495 3383 cum
514 3318 658 3400 singulis
681 3318 822 3382 tabulae
845 3317 1005 3382 versibus
1029 3315 1171 3397 contuli,
1210 3317 1245 3377 in
1269 3315 1372 3379 tertia
1395 3315 1532 3397 aliquot

248 3426 434 3491 dumtaxat
448 3427 557 3507 locos,
581 3444 666 3510 quos
689 3425 830 3507 originis
852 3440 1002 3506 graecae
1025 3423 1173 3504 vestigia
1196 3422 1370 3504 quaedam
1388 3437 1474 3502 prae
1494 3438 1530 3484 se

248 3535 340 3598 terre
364 3533 541 3615 probabile
564 3536 625 3611 est,
649 3532 812 3597 tractavi.

359 3729 378 3798 ¹)
397 3729 506 3782 Heaut.
526 3743 554 3780 v.
577 3727 636 3780 117.

357 3818 379 3884 ²)
396 3816 506 3874 ibidem
525 3833 553 3869 v.
573 3815 634 3870 453.

358 3906 379 3977 ³)
398 3905 508 3960 ibidem
527 3921 556 3958 v.
578 3904 636 3958 162.

356 3995 380 4065 ⁴)
400 3995 509 4050 ibidem
528 4011 556 4047 v.
574 3993 636 4050 733.

357 4085 380 4152 ⁶)
400 4085 562 4139 Mommsen
581 4083 682 4137 Heort.
701 4081 763 4138 332.

357 4298 517 4356 Cracoviae
536 4296 668 4352 MCMlV.

1070 4401 1281 4468 Bronisloous
1306 4401 1420 4468 Swt‘ba.
