3198 5032
774 224 990 289 ..24..κ

344 435 421 502 Iam
443 430 582 500 transeo
606 435 650 499 ad
675 437 767 500 locos
799 437 1060 518 enumerandos
1092 437 1217 522 quibus
1245 440 1435 506 locutiones
1460 461 1531 508 vo·

237 563 365 628 cesque
379 543 552 628 quaedam
569 547 894 622 commemorantur,
913 562 1003 627 quae
1018 563 1098 609 cum
1113 545 1329 611 Graecorum
1347 548 1530 614 similibus
1589 608 1590 623 ,

238 651 388 718 conferri
402 654 542 735 queunt
556 648 694 716 Graeca
709 649 835 714 locutio
848 669 923 716 esse
934 652 1077 722 ,videtur
1090 671 1301 719 »sermonem
1315 655 1486 722 caedere«
1504 657 1531 736 ¹)

237 760 360 822 aduram
382 759 497 846 λόγους.

344 867 456 948 Syrus
479 865 679 947 Antiphilae
701 865 877 947 ingenium
901 867 1065 930 describit
1087 865 1220 932 Cliniae
1243 868 1308 932 hoc
1333 870 1446 934 modo:

453 1013 528 1070 »Ubi
547 1015 672 1068 dicimus
691 1014 802 1068 redisse
821 1019 851 1068 te
869 1021 899 1069 et
918 1031 1024 1085 rogare
1043 1016 1089 1070 uti

402 1173 405 1179 Ι
451 1103 575 1158 Veniret
593 1104 631 1158 ad
650 1108 688 1172 te,
708 1105 816 1158 mulier
834 1105 924 1159 telam
942 1105 1053 1160 desinit
1074 1119 1075 1126 ¹

450 1193 597 1248 Continuo
617 1202 646 1245 et
665 1192 803 1247 lacrumis
823 1195 922 1262 opplet
941 1210 973 1248 os
991 1199 1086 1249 totum
1108 1196 1172 1262 sibi,

451 1281 492 1338 Ut
511 1283 598 1336 facile
618 1283 706 1336 scires
725 1282 870 1336 desiderio
889 1283 919 1335 id
939 1284 1052 1352 fierint

344 1421 445 1485 Telas
464 1420 618 1483 desinere
637 1419 657 1482 i.
676 1438 703 1483 e.
723 1421 767 1484 ad
785 1420 925 1502 aliquod
946 1427 1080 1502 tempus
1098 1421 1333 1487 intermittere.
1353 1421 1522 1502 Quacum

237 1529 408 1592 locutione
430 1527 515 1591 illud
538 1513 730 1609 Sapphonis
753 1527 986 1610 fragmentum
1015 1529 1261 1593 conferendum
1284 1548 1359 1595 esse
1382 1549 1514 1598 censeo

237 1635 295 1699 ubi
320 1636 443 1698 mulier
475 1651 560 1714 prae
583 1652 701 1699 amore
734 1639 852 1699 texere
884 1652 951 1698 non
975 1637 1100 1717 pergit:
1134 1641 1218 1697 οὔτοι
1252 1628 1381 1722 δύναμαι
1403 1637 1524 1723 aptast»

243 1745 291 1804 cdv
313 1744 405 1816 ἱστὸν,
429 1747 520 1825 none
546 1733 676 1827 δαμεῖσα
703 1735 864 1822 calloel).
887 1742 962 1806 Iam
987 1743 1117 1823 pridem
1142 1761 1222 1806 cum
1246 1745 1288 1808 de
1311 1744 1523 1824 fragmentis

236 1848 455 1914 Menandreis
474 1851 695 1932 disputarem,
716 1851 831 1912 monui
850 1867 872 1912 a
891 1849 1048 1914 Terentio
1066 1849 1280 1930 Antiphilam
1299 1851 1421 1916 fictam
1439 1869 1521 1918 esse

173 2004 174 2008 =
236 1961 410 2023 texentem
442 1957 549 2020 telam
581 1957 738 2035 studiose,
776 1956 993 2021 mediocriter
1025 1958 1198 2038 vestitam,
1235 1959 1373 2039 lugubri
1406 1963 1518 2025 veste.

236 2064 367 2128 Pudica
390 2064 514 2128 mulier
537 2063 690 2128 occurrit
713 2080 781 2126 non
804 2063 914 2126 solum
938 2063 1031 2143 apud
1055 2067 1174 2145 poetas
1197 2065 1355 2147 comicos,
1388 2084 1516 2131 verum

215 2172 339 2237 etiam
371 2172 552 2254 elegiacos,
584 2171 675 2254 quod
696 2171 894 2252 suspicatus
917 2178 969 2235 est
992 2172 1063 2235 iam
1095 2170 1293 2236 Fridericus
1316 2171 1394 2254 Leo,
1405 2171 1429 2251 ⁴)
1462 2193 1516 2240 re·

234 2279 385 2346 ctissime
409 2280 600 2344 observans
624 2278 847 2360 Propertium,
871 2275 1041 2358 Ovidium,
1065 2278 1238 2342 Tibullum
1262 2280 1412 2344 comicos
1435 2283 1516 2344 atti-

234 2405 293 2452 cos
316 2391 351 2452 et
373 2388 512 2451 novisse
535 2389 569 2450 et
592 2385 724 2466 legisse.

340 2493 527 2560 Cruciatur
560 2492 670 2573 Syrus
681 2489 703 2571 ⁵)
737 2493 850 2556 bolum
874 2498 1010 2556 tantum
1034 2493 1097 2556 sibi
1121 2497 1279 2575 ereptum
1302 2500 1374 2556 tam
1398 2495 1514 2559 subito

234 2604 445 2682 efaucibus,
476 2617 586 2685 quare
619 2599 701 2683 quid
733 2604 818 2681 agat
846 2606 908 2662 aut
931 2599 1013 2681 quid
1046 2599 1329 2664 comminiscetur
1361 2601 1514 2682 ignorat;

232 2711 402 2776 rationem
421 2709 464 2774 de
482 2708 615 2789 integro
634 2707 698 2770 sibi
717 2705 904 2771 ineundam
927 2724 1003 2770 esse
1025 2706 1227 2771 arbitratur.
1250 2705 1386 2772 Graece
1409 2709 1513 2790 signf-

232 2819 319 2882 ficat
342 2815 464 2900 βόλοςθ)
495 2815 625 2878 iactum
660 2813 752 2892 retis,
785 2813 863 2876 inde
886 2830 986 2876 omne
1009 2809 1156 2877 lucrum.
1190 2813 1273 2895 Spes
1297 2822 1413 2878 tamen
1437 2834 1507 2880 non

233 2925 360 2991 deserit
381 2923 488 2988 astuti
511 2923 605 2986 servi
637 2921 801 3002 animum,
834 2921 894 2985 sed
916 2920 1002 2983 illud
1033 2921 1220 3001 fugitivum
1252 2928 1437 3004 argentum
1461 2941 1510 2988 re·

232 3037 428 3097 tracturum
448 3048 484 3094 se
503 3047 577 3094 esse
596 3029 723 3110 sperat.
746 3025 879 3092 Vernili
901 3029 1030 3093 facetia
1050 3028 1157 3091 utitur
1178 3027 1288 3110 Syrus
1306 3029 1348 3092 de
1367 3033 1510 3112 argento

232 3139 332 3223 quasi
361 3139 404 3202 de
436 3154 538 3201 servo
571 3136 717 3216 fugitivo
749 3143 966 3199 narraturus.
998 3134 1194 3198 Admonent
1217 3136 1250 3199 h.
1273 3135 1294 3198 l.
1317 3135 1386 3199 viri
1419 3137 1508 3200 docti

231 3246 323 3309 illiue
361 3243 555 3310 Menandri:
592 3243 775 3329 ἀποστρέφω
806 3245 861 3305 τὸν
894 3234 1048 3328 &patratur
1084 3242 1201 3327 χρύσον.
1239 3242 1356 3308 Inesse
1391 3247 1510 3308 autem

231 3353 344 3416 iocum
368 3352 403 3414 in
426 3369 515 3416 voce
537 3351 645 3438 χρύσος
673 3350 767 3414 haud
791 3350 979 3413 difficulter
1013 3349 1171 3431 canicies,
1204 3367 1284 3414 cum
1308 3349 1417 3436 χρύσος
1439 3367 1510 3413 am·

232 3459 334 3539 bigne
357 3457 488 3522 dictum
511 3464 545 3522 et
568 3475 694 3521 aurum
717 3461 752 3522 et
774 3456 868 3521 servi
892 3473 1016 3521 nomen
1039 3457 1092 3521 sit.

339 3563 418 3628 Una
442 3582 530 3629 cena
555 3564 720 3628 Bacchidi
744 3564 886 3646 eiusque
909 3563 1090 3627 comitibus
1110 3581 1131 3627 a
1150 3561 1332 3628 Chremete
1355 3564 1438 3627 data
1457 3569 1512 3628 est

340 3799 360 3859 1)
379 3796 486 3850 Heaut.
505 3809 534 3848 r.
555 3794 607 3847 242

338 3886 359 3953 ²)
378 3885 486 3939 Heaut.
506 3881 559 3938 304
578 3897 620 3951 sq.

338 3973 360 4043 8)
378 3973 485 4044 Sapph.
505 3974 581 4041 frag.
601 3972 665 4026 Vll.

337 4061 359 4134 ⁴)
379 4062 508 4117 Plautin.
536 4061 873 4130 Forschungenp.129.
903 4063 1014 4117 Attulit
1038 4063 1087 4115 vir
1110 4061 1214 4115 doctus
1242 4064 1411 4132 exemplum
1437 4077 1508 4117 sane

230 4156 334 4220 aptum
349 4158 440 4221 atque
460 4152 600 4205 idoneum
616 4167 654 4205 ex
668 4151 757 4206 Ovidi
775 4152 932 4206 Fastorum
952 4153 987 4206 ll.
1008 4153 1075 4207 771:
1097 4153 1154 4204 »sic
1174 4151 1257 4220 sedit,
1278 4154 1319 4206 sic
1337 4153 1419 4206 culta
1438 4153 1507 4219 fuit,

230 4241 272 4294 sic
290 4242 418 4296 stamina
436 4243 527 4309 nevit,
547 4242 702 4310 neglectae
720 4242 795 4296 collo
815 4243 857 4296 sic
875 4242 993 4295 iacuere
1012 4255 1136 4294 comae».

339 4333 360 4398 5>
381 4330 488 4384 Heaut.
509 4347 537 4384 v.
559 4331 619 4385 673.

336 4423 358 4484 8)
377 4421 515 4488 Aeschyli
538 4421 615 4474 Pers
635 4437 661 4472 ν.
683 4422 743 4474 416.
764 4421 913 4489 Euripidis
936 4421 1017 4473 lllies.
1039 4420 1098 4472 730.
1120 4420 1253 4474 Bncclrid.
1275 4437 1300 4472 v.
1321 4421 1372 4474 cll
