3198 5032
634 285 852 380 „1'3..

208 529 385 594 Postremo
408 526 572 595 Chremes
596 545 725 611 poenas
749 528 854 593 solvit
876 545 960 594 suae
979 527 1158 592 stultitiae:
1179 528 1291 592 minas
1309 528 1381 610 qui-

99 640 179 704 dem
202 637 323 702 decem
346 636 440 702 dedit
462 635 566 719 tiliae,
594 653 683 718 quas
706 653 768 717 pro
792 635 966 702 alimentis
989 651 1063 700 esse
1087 651 1181 698 nunc
1204 635 1301 700 ducit
1324 634 1383 698 da-

100 749 167 809 tas:
192 745 299 809 hasce
322 744 535 810 ornamentis
559 747 814 826 consequentur
837 744 982 808 alterae:
1012 759 1114 824 porro
1138 743 1226 806 haec
1249 741 1383 807 talenta

100 851 190 916 dotis
212 851 408 933 adposcunt
430 851 507 916 duo.

211 955 347 1038 »Quam
371 958 491 1040 multa,
515 958 606 1023 iusta
629 958 768 1033 iniusta,
791 957 881 1021 liunt
904 956 1090 1021 moribusi«
1105 955 1134 1036 ¹).

209 1063 429 1147 Quapropter
463 1065 684 1131 Menedemus
716 1062 907 1130 Chremetis
930 1064 1123 1129 socordiam
1147 1063 1291 1127 irridere
1314 1065 1382 1127 stu-

98 1175 167 1256 det,
191 1191 272 1238 cum
297 1190 335 1238 se
358 1191 426 1236 uon
450 1175 523 1235 tam
547 1175 701 1235 astutum
727 1189 840 1254 neque
862 1171 912 1235 ita
935 1171 1174 1253 perspicacem
1196 1187 1272 1236 esse
1294 1169 1384 1233 arbi·

100 1285 227 1361 tratur,
250 1278 312 1346 sed
335 1279 393 1344 ille
416 1279 553 1344 adiutor
586 1276 750 1344 Chremes
782 1283 816 1343 et
848 1279 995 1343 monitor
1022 1282 1058 1344 et
1090 1279 1384 1360 praemonstrator

98 1389 167 1453 hoc
191 1387 256 1452 sibi
275 1389 443 1470 praestat:
462 1386 498 1450 in
517 1403 554 1450 sc
572 1387 684 1467 ipsum
704 1385 843 1468 quidvis
861 1386 985 1450 horum
1004 1385 1177 1466 convenit,
1195 1401 1286 1468 quae
1305 1388 1386 1448 sunt

100 1495 197 1560 dicta
221 1495 257 1559 in
280 1495 395 1578 stulto,
427 1493 574 1577 cauderr,
598 1493 712 1575 stipes,
744 1491 873 1568 asinus,
896 1493 1087 1575 plumbeus,
1111 1494 1146 1556 in
1169 1493 1277 1573 illum,
1300 1492 1386 1556 nihil

101 1606 217 1684 potest
234 1601 435 1666 convenire:
455 1603 645 1683 exsuperat
662 1601 737 1665 eius
757 1599 904 1664 stultitia
932 1601 1021 1666 haee
1039 1600 1155 1664 omnia
1167 1598 1199 1679 ²).
1223 1599 1277 1664 Ac
1301 1616 1386 1664 sane

101 1709 253 1790 simplex
276 1712 311 1772 et
333 1726 458 1772 vecors
481 1708 619 1773 animus
643 1707 736 1772 illius
760 1707 936 1772 monitoris
964 1724 1039 1772 esse
1063 1707 1210 1789 videtur,
1233 1707 1294 1789 qui
1317 1723 1385 1771 ser·

101 1831 189 1879 vum
223 1832 324 1879 suum
348 1813 393 1878 ad
418 1816 602 1896 pecuniam
626 1813 690 1878 sibi
713 1814 941 1879 auferendam
964 1814 1110 1897 impulit,
1142 1814 1205 1877 sibi
1229 1814 1294 1896 ipsi
1317 1831 1387 1878 non

102 1922 260 2003 pepercit
282 1922 463 2004 aciemque
486 1923 593 2005 gladii
615 1922 651 1986 in
675 1940 712 1986 sc
735 1938 946 1988 conversum
968 1940 1043 1987 esse
1066 1939 1142 1986 sero
1165 1921 1385 1987 animadver-

102 2029 154 2093 tit.
178 2029 268 2093 Prae
291 2029 483 2110 iracundia,
506 2029 589 2112 quid
612 2029 677 2093 sibi
696 2031 741 2094 sit
757 2027 965 2110 iaciendum,
989 2029 1135 2111 ignorat.
1158 2027 1246 2094 Tum
1270 2029 1386 2094 Mena-

100 2137 237 2201 demus:

429 2223 485 2285 »ld
507 2223 586 2293 quod
606 2238 653 2277 me
673 2224 777 2279 fecisse
795 2225 895 2278 aiebas
914 2239 1029 2293 parum,

320 2312 378 2366 Fac
398 2319 427 2366 te
448 2309 562 2382 patrem
581 2328 645 2368 esse
665 2314 786 2368 sentiat:
806 2315 861 2382 tac,
881 2321 916 2368 ut
935 2314 1044 2368 audeat

319 2401 386 2455 Tibi
405 2401 525 2456 credere
544 2402 653 2471 omnia,
672 2403 724 2456 abs
745 2409 774 2457 te
792 2407 894 2474 petere
914 2406 943 2457 et
961 2418 1093 2472 poscere:

320 2489 455 2560 Nequam
475 2492 563 2545 allam
582 2495 707 2560 quaerat
725 2493 840 2560 copiam
859 2507 894 2547 ac
912 2497 943 2547 te
960 2493 1131 2558 deserat«³).

211 2625 256 2690 Et
278 2627 331 2691 ira
355 2644 525 2692 accensus
548 2625 725 2694 Chremes:

269 2767 379 2822 «Immo
398 2769 486 2822 abeat
503 2770 603 2838 potius
621 2770 699 2823 malo
719 2772 826 2839 quovis
846 2772 992 2840 gentium,

267 2856 361 2920 Quam
381 2859 429 2912 hic
448 2873 500 2928 per
519 2859 672 2926 flagitium
680 2862 702 2928 ⁴)
721 2859 759 2914 ad
778 2861 907 2930 inopiam
927 2859 1045 2928 redigat
1064 2864 1195 2929 patrem«

214 2991 318 3058 Haud
341 2994 484 3058 dubium
508 2996 614 3078 igitur
637 3000 698 3077 est,
721 2996 814 3079 quin,
842 2996 871 3060 si
893 2997 1009 3061 omnia
1031 2996 1103 3061 filio
1127 2997 1388 3079 suppeditasset,

101 3119 162 3168 res
185 3098 378 3166 Chremetis
402 3107 476 3166 tum
500 3120 584 3167 vero
607 3104 653 3167 ad
676 3107 808 3167 rastros
831 3102 986 3167 reditura
1009 3104 1121 3169 fuerit.
1145 3103 1248 3168 Nunc
1271 3108 1388 3169 autem

102 3225 216 3290 nemo,
240 3211 279 3272 ut
300 3209 430 3290 opinor,
453 3208 633 3290 dubitabit,
656 3209 740 3292 quin
764 3207 927 3275 Chremes
950 3210 1023 3292 ipse
1046 3212 1091 3274 sit
1113 3211 1253 3292 punitus
1276 3227 1389 3294 neque

103 3314 298 3399 quicquam
330 3316 453 3394 obstat,
488 3317 672 3398 quominus
703 3313 919 3382 Chremetem
957 3335 994 3382 se
1026 3317 1139 3399 ipsum
1172 3319 1388 3383 cruciantem

104 3425 277 3504 putemus.

215 3529 291 3594 Iam
314 3529 360 3592 ad
383 3530 581 3608 fragmenta
614 3531 828 3596 recensenda
856 3535 1002 3595 transeo.
1027 3531 1276 3614 Fragmentum
1298 3533 1390 3617 quod

106 3633 301 3715 Kockius⁶)
321 3636 453 3700 attulit:

322 3759 403 3846 Πρὸς
425 3768 480 3846 τῆς
500 3759 642 3848 Ἀθηνᾶς,
667 3755 819 3849 δαιμονᾶς,
842 3766 970 3850 γεγονὼς
989 3768 1042 3852 ἔτη

321 3867 469 3949 τοσαῦθ’;
493 3874 568 3954 ὁμοῦ
591 3870 647 3956 γάρ
671 3871 752 3932 ἐστιν
775 3865 924 3958 ἑξήκοντα
948 3896 994 3936 σοι

195 4065 237 4132 ,1)
256 4063 365 4118 Heaut.
384 4077 414 4118 v.
434 4063 495 4118 839.

217 4153 364 4218 ¹)Heaut.
384 4169 412 4207 v.
431 4151 492 4207 879.

217 4240 238 4307 8)
257 4239 366 4298 Heaut.
385 4258 412 4296 v.
432 4242 494 4298 924.
514 4257 575 4312 sqq.

217 4326 240 4394 ⁴)
258 4327 303 4382 De
323 4329 543 4399 significatione
557 4347 592 4387 ac
605 4333 637 4386 vi
653 4332 792 4386 vocabuli
805 4333 988 4401 »flagitium«
1001 4335 1053 4388 cfr.
1064 4349 1142 4402 quae
1156 4335 1321 4406 disputavit
1334 4351 1388 4391 nu-

105 4432 160 4486 per
180 4415 310 4573 Us3ner:
329 4417 466 4474 Italische
486 4419 683 4488 VolksJ'ustitz
703 4422 733 4474 in
753 4420 825 4478 Mus.
845 4421 938 4477 Rhen.
959 4429 979 4478 t.
998 4424 1041 4479 56.
1059 4425 1150 4493 (1901)
1168 4441 1194 4495 p.
1214 4427 1239 4480 6.
1260 4441 1321 4496 sqq.

217 4508 229 4540 ⁸
259 4506 278 4560 l.
297 4507 317 4561 l.
338 4506 397 4561 140.
