3198 5032
700 276 942 351 ..g-⁴

259 497 343 564 Cum
368 506 486 562 autem
510 498 662 562 dubitari
682 501 839 580 nequeat,
858 499 942 580 quin
961 499 996 560 in
1016 498 1080 561 hoc
1100 515 1206 562 versu
1225 496 1433 578 explicando

154 622 304 687 magnae
322 607 497 676 ¹haereant
519 607 752 687 difficultates
771 606 1011 688 incertumque
1026 605 1070 668 sit
1083 623 1162 670 eum
1181 605 1335 687 qualibet
1353 622 1432 669 con·

153 713 289 776 iectura
320 714 438 776 sanari
476 731 583 794 posse,
615 713 661 776 ad
685 713 798 796 ipsum
821 712 962 776 fabulae
985 722 1231 794 argumentum
1254 711 1352 775 nobis
1375 729 1430 775 ae-

151 819 342 884 cedendum
376 825 436 900 est,
469 821 497 882 si
521 820 603 902 quid
627 821 703 884 veri
726 838 771 884 ex
794 819 869 900 ipsa
902 819 1022 882 fabula
1056 818 1220 901 consequi
1255 819 1432 899 possimus.

150 925 224 990 Iam
265 928 299 988 in
333 927 502 1008 principio
534 926 675 992 fabulae
708 925 867 990 videmus
900 925 985 989 duos
1017 943 1116 989 senes
1148 923 1366 990 Chremetem
1399 930 1433 988 et

151 1031 403 1114 Menedemum,
426 1033 485 1115 qui
509 1033 684 1097 coniuncti
708 1033 862 1097 amicitia
886 1042 921 1097 et
945 1033 1134 1115 vicinitate,
1157 1032 1242 1095 duos
1265 1031 1354 1094 filios
1374 1033 1432 1094 ha·

150 1142 279 1206 hebent
297 1142 388 1206 alter
407 1139 658 1222 Clitiphontem,
677 1142 766 1204 alter
785 1138 940 1204 Cliniam.
967 1140 1188 1206 Menedemus
1207 1137 1374 1220 compulit
1392 1139 1432 1202 fi-

150 1248 236 1312 lium
261 1250 296 1311 in
321 1249 438 1312 Asiam
468 1248 504 1312 in
528 1248 687 1312 militiam
721 1249 903 1328 proficisci,
936 1265 1016 1311 cum
1051 1248 1266 1328 Antiphilam
1298 1249 1434 1310 amaret

151 1356 283 1436 perdite
306 1362 341 1420 et
365 1373 470 1436 prope
493 1355 564 1419 iam
587 1374 648 1438 pro
673 1373 781 1420 uxore
805 1357 956 1419 haberet.
988 1352 1088 1434 Quae
1111 1372 1192 1421 cum
1216 1354 1435 1436 cognovisset

151 1460 325 1546 Chremes
363 1463 562 1528 Menedemo
597 1481 725 1543 magna
758 1463 865 1526 animi
898 1462 1114 1544 aegritudine
1146 1463 1303 1526 conlecto
1336 1465 1434 1524 recta

151 1569 211 1632 dat
234 1569 388 1651 consilia,
412 1570 484 1650 ipse
508 1574 633 1650 autem,
658 1587 749 1651 quae
772 1570 895 1633 fecerit
917 1570 1018 1646 iilius,
1043 1569 1188 1650 ignorat.
1226 1565 1345 1647 Quare
1368 1565 1433 1632 Cli-

151 1677 245 1759 tipho
272 1677 426 1758 »iniquos
451 1685 568 1757 patres
587 1677 743 1758 appellat
764 1678 797 1738 in
817 1695 936 1740 ornnes
957 1676 1196 1740 adulescentes
1216 1675 1355 1755 iudices
1374 1677 1433 1757 qui

149 1801 302 1866 aequum
333 1802 407 1848 esse
431 1791 574 1848 censent
605 1787 750 1848 iuvenes
773 1803 794 1846 a
821 1785 935 1863 pueris
959 1784 1037 1847 ilico
1070 1784 1165 1846 nasci
1200 1801 1298 1846 senes
1322 1800 1434 1864 neque

149 1882 291 1954 illarum
315 1891 440 1956 affines
464 1881 539 1956 esse
562 1908 688 1971 rerum,
712 1909 800 1973 quas
824 1893 892 1954 lert
915 1891 1161 1956 adulescentia.
1195 1891 1248 1954 Ex
1272 1909 1336 1953 sua
1360 1890 1433 1953 libi-

150 1997 229 2062 dine
252 1998 283 2061 ei
308 1999 539 2081 moderantur,
563 2017 657 2062 nunc
680 2017 770 2080 quae
793 2003 854 2077 est,
878 2017 945 2061 non
964 2017 1055 2079 quae
1074 1999 1155 2060 olim
1183 1999 1279 2060 fuit«.
1319 1996 1362 2062 Et
1385 1999 1433 2058 iu-

151 2106 259 2186 venis,
282 2123 387 2188 quem
410 2109 509 2186 pater
533 2112 660 2170 monet:
687 2106 876 2187 »periclum
900 2124 945 2170 ex
968 2105 1046 2169 aliis
1068 2107 1182 2181 facito,
1208 2104 1267 2166 tibi
1287 2103 1433 2185 quidex

151 2229 217 2275 usu
240 2210 335 2293 siet«,
363 2212 436 2293 ipse
459 2212 658 2276 conclamat
681 2212 745 2276 sibi
769 2229 843 2276 esse
866 2212 1018 2276 amicam
1050 2212 1281 2293 impotentem,
1313 2227 1433 2290 proca·

152 2322 232 2401 tem,
246 2319 481 2401 magnificam,
495 2325 741 2400 sumptuosam,
756 2319 913 2400 nobilem,
929 2322 1133 2400 patremque
1151 2317 1237 2382 nihil
1252 2317 1434 2398 suspicari.

257 2422 421 2491 Chremes
441 2444 522 2490 cum
541 2425 726 2508 ignoraret,
747 2427 782 2489 in
801 2444 889 2508 quas
907 2425 1050 2489 insidias
1069 2426 1142 2506 ipse
1160 2425 1345 2504 incidisset,
1365 2441 1432 2487 mo-

151 2533 227 2596 nuit
251 2532 490 2598 Menedemum
511 2536 555 2614 (v.
582 2534 663 2616 119),
687 2551 730 2598 ne
753 2533 854 2598 nimis
878 2551 914 2598 se
938 2551 1100 2598 severum
1119 2538 1256 2614 patrem
1280 2535 1433 2612 praesta-

150 2644 205 2705 ret
228 2643 262 2704 et
285 2640 367 2705 dum
391 2641 646 2706 vehementiam
674 2640 707 2704 in
734 2641 844 2705 filium
878 2639 1077 2705 Menedemo
1100 2640 1297 2721 exprobrat,
1331 2639 1432 2704 vehe-

150 2747 402 2812 mentissimum
426 2765 463 2812 se
485 2748 558 2830 ipse
580 2753 717 2830 patrem
741 2749 891 2829 praebet.
916 2747 1163 2812 Vehementem
1179 2765 1258 2811 eum
1279 2745 1433 2826 appellat

149 2853 185 2916 in
210 2860 395 2936 utramque
428 2864 563 2935 partem
596 2859 658 2918 aut
680 2855 787 2918 nimia
811 2854 973 2936 largitate
996 2862 1058 2917 aut
1081 2853 1301 2935 parsimonia.
1343 2849 1432 2916 Olim

150 2977 218 3024 non
254 2979 377 3041 passus
400 2968 452 3026 est
476 2961 697 3028 Menedemus
729 2961 858 3025 lilium*
873 2980 1069 3026 commeare
1102 2961 1146 3024 ad
1181 2959 1433 3042 mulierculam,

150 3086 242 3150 quae
260 3072 334 3131 tum
354 3080 431 3133 erat
449 3069 591 3150 paululo
610 3074 782 3148 contenta,
802 3069 928 3150 cuique
947 3076 1049 3133 erant
1067 3073 1171 3150 grata
1185 3069 1314 3148 omnia,
1338 3085 1432 3130 nunc

150 3179 269 3240 autem
293 3193 373 3240 cum
397 3176 471 3241 sine
495 3194 621 3259 magno
644 3169 849 3241 detrimento
873 3176 993 3258 nequit
1016 3177 1145 3257 haberi,
1180 3192 1260 3240 eum
1284 3174 1433 3238 ancillas

150 3299 269 3347 secum
293 3282 440 3346 adduxit
463 3285 541 3364 plus
564 3286 685 3349 deeem
708 3289 870 3349 oneratas
898 3287 997 3348 veste
1020 3287 1054 3347 et
1077 3300 1162 3346 auro
1187 3282 1272 3347 adeo
1296 3286 1335 3345 ut
1360 3297 1432 3345 »sa-

154 3395 258 3470 trapa
282 3389 311 3452 si
334 3391 398 3454 siet
421 3396 566 3469 amator,
599 3409 789 3473 numquam
813 3391 960 3455 sufferre
992 3391 1065 3454 eius
1089 3395 1247 3470 sumptus
1271 3394 1397 3471 queat«
1413 3387 1435 3466 ¹)
1520 3393 1522 3402 “

149 3496 264 3559 omnia
300 3496 520 3562 Menedemus
552 3500 637 3564 dare
664 3499 936 3581 flagrantissime
963 3499 1067 3579 eupit.
1109 3495 1208 3577 Quae
1241 3495 1432 3562 Chremetis

150 3604 261 3668 verba
293 3604 398 3670 facile
429 3605 613 3669 declarant
644 3607 800 3670 animum
834 3607 942 3688 patris
976 3623 1148 3688 severum,
1182 3607 1432 3670 vehementem.

149 3708 236 3775 Cum
256 3715 375 3776 autem
394 3710 557 3777 Chremes
575 3713 795 3794 cognovisset
813 3713 1024 3778 Bacchidem
1044 3709 1261 3793 Clitiphontis
1280 3711 1430 3774 amicam

148 3836 233 3898 esse,
257 3819 424 3885 occidisse
447 3838 484 3884 se
507 3820 708 3898 arbitratur,
734 3821 823 3886 unde
847 3821 927 3884 irati
951 3821 1060 3902 patris
1085 3821 1240 3884 animum
1260 3819 1358 3882 nulla
1377 3835 1430 3882 ra·

149 3927 241 3992 tione
264 3926 400 4007 planari
423 3945 521 4007 posse
546 3933 636 3991 recte
660 3929 880 4009 conspicitur.

257 4033 298 4096 In
321 4034 392 4097 line
415 4042 532 4099 autern
564 4034 705 4099 fabulae
737 4029 895 4100 videmus
923 4032 1164 4099 Chrementem
1187 4034 1431 4111 exsultantem,

149 4140 211 4222 qui
232 4140 344 4205 filium
368 4139 413 4204 ab
437 4158 555 4205 amore
579 4141 774 4206 meretricio
797 4142 983 4206 liberatum
1006 4142 1052 4205 ad
1072 4158 1216 4205 uxorem
1235 4138 1430 4204 ducendam

148 4249 271 4330 coegit.
294 4245 394 4327 Quod
413 4249 671 4312 matrimonium
686 4248 825 4312 minime
840 4249 1075 4313 necessarium
1089 4247 1163 4329 luit,
1178 4265 1260 4310 nam
1276 4245 1433 4310 Sostrata

260 4477 281 4544 ¹)
300 4476 407 4531 Heaut.
427 4493 455 4529 v.
475 4477 535 4532 452.
