3198 5032
711 243 905 307 ..2-

276 457 352 522 Iam
375 456 455 520 inde
478 457 522 521 ab
542 455 638 519 initio
657 455 838 537 profitetur
857 459 958 537 poeta
977 473 1014 521 se
1032 459 1158 537 partes
1177 471 1268 538 quae
1286 456 1355 520 sint
1368 455 1452 522 adu
1495 537 1499 544 ῃ

170 564 375 634 lescentium
397 563 429 627 h.
453 580 480 628 e.
504 551 644 627 munus
662 566 725 626 aut
747 562 901 626 officium
934 561 1066 645 prologi
1097 541 1267 627 recitandi
1299 563 1372 628 seni
1394 563 1451 629 de·
1512 597 1516 606 ·

170 673 269 738 disse
292 669 328 736 Si
350 673 469 736 autem
492 670 580 736 haec
612 670 723 734 verba
755 687 837 734 cum
860 668 1097 752 Adelphorum
1120 670 1252 753 prologi
1275 689 1308 736 v.
1332 672 1375 736 22
1399 689 1450 755 sq.

170 779 432 848 contulerimus:
723 870 726 872 ῃ
776 869 778 872 ¹

326 975 329 980 ,
384 919 498 973 Dehinc
515 933 554 972 ne
573 917 982 987 exspectetisargirrnentum
1002 917 1135 972 fabulae:

383 1005 481 1076 Senes,
502 1007 554 1076 qui
572 1007 661 1078 primi
680 1009 812 1076 venient,
833 1009 871 1068 ei:
881 1011 996 1077 partem
1015 1010 1158 1076 aperient,

169 1137 274 1203 facile
297 1136 514 1202 inveniemus
537 1135 767 1200 rectissimam
794 1136 901 1202 fuisse
925 1135 1084 1218 Bentleyi
1096 1135 1116 1216 ¹)
1149 1137 1343 1218 opinionem
1375 1155 1448 1220 pro·
1479 1139 1484 1150 '

170 1244 264 1326 logos
288 1243 333 1306 ab
356 1242 434 1306 aliis
457 1241 665 1325 quibusdam
689 1243 905 1325 pronuntiari
929 1243 1045 1308 solitos
1067 1261 1152 1324 esse,
1175 1260 1243 1307 non
1262 1243 1308 1307 ab
1326 1244 1448 1316 actori·

169 1353 244 1434 bus,
267 1348 534 1432 Terentiumque
561 1352 685 1414 contra
708 1357 838 1414 morem
872 1351 1002 1432 prologi
1034 1353 1151 1434 partes
1183 1350 1354 1434 Ambivio,
1386 1351 1450 1434 ipsi

170 1457 306 1524 domino
329 1457 433 1520 totius
456 1456 571 1541 gregis
593 1455 773 1540 eidemque
795 1457 865 1520 iam
889 1459 962 1524 seni
986 1458 1127 1524 dedisse.
1150 1455 1264 1524 Sensit
1286 1457 1450 1523 nimirum
1495 1499 1500 1512 ·

169 1569 272 1648 poeta
295 1564 386 1630 senis
409 1580 593 1646 personam
616 1564 725 1629 multo
747 1565 917 1646 aptiorem
939 1566 1013 1630 fore
1036 1566 1080 1630 ad
1103 1565 1284 1648 prologum
1302 1567 1449 1632 recitan-

170 1673 253 1737 dum
271 1689 378 1755 quam
396 1671 682 1736 adulescentium.
700 1670 800 1751 Quod
818 1677 989 1755 quantum
1007 1673 1128 1738 valeat
1146 1673 1181 1736 in
1199 1672 1328 1737 fabulis
1347 1690 1449 1756 agen·

169 1780 223 1844 dis
236 1780 419 1862 praeclare
438 1777 638 1858 Horatiusl)
655 1779 816 1862 depingit.
836 1797 917 1844 oum
936 1785 1052 1844 monet
1070 1780 1178 1863 illum,
1196 1780 1256 1863 qui
1274 1780 1449 1859 dedicerit,
1494 1803 1501 1814 ·
1585 1759 1591 1766 ⁵

170 1885 253 1970 quid
276 1886 401 1951 debeat
423 1886 559 1968 patriae
582 1885 721 1969 etquid
744 1887 875 1968 amicis,
907 1905 975 1970 quo
1008 1887 1052 1952 sit
1074 1905 1194 1953 amore
1216 1905 1353 1971 parens,
1383 1903 1451 1972 qno

170 1997 280 2060 irater
303 1992 474 2058 amandus
496 1998 531 2058 et
553 1994 704 2074 hospes...
736 2010 827 2076 quae
856 1996 973 2076 partes
997 1995 1032 2057 in
1055 1993 1190 2058 bellurn
1218 1993 1312 2058 missi
1343 1993 1450 2072 ducis,

170 2101 268 2174 illum
292 2101 446 2183 profecto
469 2100 559 2165 scire
585 2098 748 2166 »reddere
771 2117 939 2181 personae
962 2099 1206 2167 convenientia
1228 2100 1384 2184 cuique«.

277 2203 420 2274 Omissis
457 2206 578 2272 deinde
611 2207 889 2289 difficultatibus,
917 2223 1008 2290 quae
1039 2209 1186 2273 haerent
1217 2207 1253 2272 in
1285 2207 1451 2290 proximis

170 2316 302 2398 prologi
325 2314 497 2380 versibus:
525 2314 579 2378 »id
602 2314 900 2399 primumdicam,
923 2314 1046 2381 deinde
1064 2317 1155 2399 quod
1176 2316 1258 2382 veni
1276 2315 1452 2399 eloquar«,

170 2441 256 2507 quos
279 2421 374 2502 aiiii)
396 2422 464 2486 alio
488 2422 587 2486 modo
610 2422 834 2504 interpretari
861 2424 1070 2489 studuerunt
1091 2424 1272 2489 inversum
1294 2422 1449 2487 ordinem

173 2529 227 2595 »id
250 2529 366 2594 dicam
389 2529 520 2611 deinde,
547 2529 698 2610 primum
721 2530 812 2612 quod
835 2531 917 2595 veni
940 2531 1103 2613 eloquar«
1139 2529 1333 2612 probantes,
1364 2511 1461 2624 inse·¹
1514 2509 1519 2518 ’

169 2639 314 2724 quentes
338 2654 463 2701 versus
486 2637 615 2701 afferre
637 2635 729 2714 libet.
753 2633 821 2715 Qui
845 2642 939 2701 sunt:

438 2777 483 2830 Ex
501 2778 621 2847 integra
639 2775 755 2832 Graeca
773 2777 923 2848 integram
941 2779 1123 2846 comoediam

439 2865 534 2921 Hodie
554 2882 620 2920 sum
639 2872 760 2921 acturus
779 2866 919 2922 Heauton
938 2868 1156 2923 timorumenon
1164 2867 1195 2937 ⁴).

277 2995 395 3061 Verba
418 2995 507 3060 haec
530 2994 630 3059 vario
654 2996 753 3059 modo
775 3013 798 3060 a
821 2994 908 3060 viris
930 2995 1040 3060 doctis
1068 3000 1151 3059 sunt
1179 2998 1341 3060 tractata.
1374 2995 1455 3088 Alii„
1496 3023 1500 3030 ·

171 3107 209 3168 ut
231 3101 377 3168 Carolus
401 3099 604 3181 Dniatako⁶)
627 3103 811 3166 annotavit
833 3104 935 3167 haec:
962 3119 1026 3167 »ex
1048 3119 1178 3186 graeca
1200 3102 1331 3186 fabula,
1353 3095 1451 3168 ouius
1488 3159 1493 3168 .

170 3228 271 3277 nemo
293 3208 484 3292 quidquam
507 3208 707 3290 praeripuit
731 3208 886 3285 latinam,
911 3209 968 3273 cui
991 3226 1060 3273 non
1083 3210 1234 3291 oportuit
1260 3211 1450 3294 quidquam
1495 3247 1522 3288 ‚-

170 3316 260 3382 addi.
283 3334 355 3382 vox
380 3315 534 3397 »integer
560 3316 595 3378 in
618 3315 738 3381 eodem
761 3332 867 3381 versu
891 3315 943 3378 bis
976 3320 1146 3398 usurpata
1177 3317 1307 3398 eadem,
1341 3322 1380 3382 ut
1400 3315 1451 3381 ita
1497 3359 1501 3367 -

170 3412 295 3500 dicam,
319 3422 504 3504 principali
527 3421 781 3505 significatione
803 3439 878 3488 esse
901 3422 1033 3488 debet«.
1056 3421 1179 3503 Qualis
1202 3427 1320 3487 autem
1339 3424 1384 3488 sit
1401 3424 1451 3488 fa·
1498 3489 1506 3506 ,

279 3635 299 3703 ¹)
318 3636 349 3691 in
368 3635 437 3689 edit.
456 3649 547 3704 quam
565 3634 682 3688 curavit
700 3634 731 3687 E.
752 3633 899 3688 Vollbehr.
920 3634 988 3688 Kiel
1008 3635 1085 3690 1846.

277 3725 300 3792 ³)
317 3724 399 3779 Artis
417 3723 551 3794 poeticae
569 3740 596 3776 v.
616 3723 669 3778 313
688 3739 749 3794 sqq.

278 3815 299 3882 ⁸)
315 3812 374 3870 Crf.
394 3813 441 3880 sis,
459 3828 537 3882 quae
555 3814 727 3881 nuperrime
745 3814 910 3882 disputavit
935 3813 1065 3868 Fritzius
1084 3811 1195 3868 Schiill:
1220 3813 1301 3868 Zwei
1319 3814 1379 3868 alte
1397 3813 1450 3868 Te·

170 3903 420 3974 renzprobleme
411 3919 443 3958 ιιι
461 3903 554 3958 Rhen.
582 3902 657 3956 Mus.
676 3903 750 3959 ott.
771 3903 849 3958 1902.
867 3920 896 3975 p.
914 3904 950 3959 48
965 3919 1035 3975 sqq,
1050 3904 1103 3974 qui
1116 3905 1272 3959 sententiis
1285 3899 1452 3959 oeteroruni

169 3994 333 4065 reprobatis
352 3994 428 4047 hanc
445 4008 548 4046 veram
567 3992 844 4061 interpretationem
863 3993 984 4048 statuit.
1006 3994 1086 4064 qnod
1099 3993 1170 4047 vent
1183 3993 1301 4048 bezieht
1315 3993 1376 4048 sich
1394 4007 1453 4048 nur

170 4083 224 4138 auf
243 4081 865 4153 dieallgemeineAufgabedesPrologs‚
884 4083 912 4139 d.
931 4084 1027 4138 hdie
1052 4082 1243 4154 Einfiihrung
1268 4083 1319 4137 des
1344 4081 1451 4137 aufzu·

170 4172 339 4228 fiihrenden
357 4168 473 4240 Stiioks‚
493 4172 575 4227 nicht
598 4172 652 4225 auf
682 4172 769 4226 einen
788 4186 844 4242 gar
862 4173 944 4227 nicht
932 4172 1192 4242 tabgegrennten
1218 4172 1282 4226 Tell
1309 4173 1362 4226 der
1389 4187 1452 4242 spe·
1516 4229 1521 4242 ,

170 4261 277 4317 ziellen
296 4260 434 4331 Aurgsbe
451 4261 503 4316 des
521 4260 681 4315 Ambivius
699 4261 744 4316 als
763 4261 887 4316 orator«.

277 4350 299 4418 ⁴)
315 4348 425 4404 Heaut.
445 4351 558 4420 prolog.
576 4365 605 4428 v.
625 4348 650 4404 4.
671 4365 732 4420 sqq.

278 4439 300 4507 ⁵)
318 4439 363 4493 De
381 4439 512 4509 prologis
531 4437 677 4494 Plautinis
696 4439 943 4510 Terentiamsque
961 4455 988 4509 p.
1008 4439 1034 4494 8.
