3198 5032
696 239 892 304 ..3-

152 452 234 516 bula
257 469 397 534 graeca,
427 450 528 517 cuius
552 469 652 518 nemo
679 453 868 536 quicquam
901 453 1139 536 praeripuerit,
1173 459 1311 519 constat
1342 455 1432 520 inter

151 576 282 644 omnes;
305 558 365 624 sed
388 558 534 624 latinam
557 559 723 641 fabulam,
746 561 804 625 cui
827 579 896 624 non
918 561 1108 643 oportuerit
1130 562 1319 645 quicquam
1341 563 1432 645 addi,
1467 587 1468 592 ¹

150 665 243 731 haud
265 666 371 732 facile
393 665 558 732 invenies.
587 662 674 732 Cum
698 666 803 748 igitur
826 667 862 730 in
884 668 961 750 ipsa
984 669 1275 751 interpretatione.
1299 676 1373 734 tum
1396 672 1431 734 in

149 773 360 856 explicanda
396 776 494 838 vocis
534 774 706 856 »integer«
745 775 1000 856 significatione
1036 776 1171 842 erravit
1208 777 1265 841 vir
1301 776 1432 859 doctus

147 879 276 963 quippe
299 879 359 960 qui
382 878 611 960 principalem
639 879 737 944 vocis
769 879 1056 962 significationem
1091 881 1228 946 laudari
1260 882 1367 948 vellet
1398 890 1433 949 et

128 987 249 1069 ‚longe
272 985 376 1054 aliter
397 1003 475 1050 eam
498 997 622 1052 vocem
646 987 682 1050 in
700 987 831 1068 prologi
849 988 1010 1053 versibus
1033 988 1330 1071 interpretaretur.
1354 989 1433 1056 Vox

150 1093 334 1175 »integer«,
359 1096 398 1156 ut
420 1093 550 1176 opinor,
567 1093 653 1158 nihil
672 1092 768 1158 aliud
787 1094 972 1178 significat,
996 1096 1061 1159 nisi
1080 1113 1102 1160 a
1122 1097 1218 1161 nullo
1236 1103 1352 1161 tactus
1371 1117 1432 1163 seu

146 1201 310 1280 intactus,
333 1217 442 1283 eoque
464 1217 569 1266 sensu
592 1205 782 1282 usurpatur
804 1219 827 1265 a
850 1201 1010 1267 Terentio
1032 1201 1069 1267 in
1091 1201 1329 1285 Adelphorum
1347 1207 1432 1286 prol.

146 1325 183 1372 v.
209 1305 263 1372 10:
286 1323 365 1371 eum
390 1307 534 1397 Plautus
557 1307 672 1372 locum
696 1308 836 1391 reliquit
859 1310 1045 1392 integrum3
1071 1310 1106 1373 in
1126 1309 1289 1393 Hecyrae
1303 1329 1336 1376 v.
1353 1312 1431 1378 145:
1554 1351 1556 1358 ι

754 1467 867 1522 Diebus
887 1483 957 1522 sane
978 1467 1125 1537 pauculis⁴

308 1555 386 1612 Post
397 1555 570 1626 Pamphllus
589 1572 636 1609 me
656 1556 751 1611 solum
770 1556 887 1610 seducit
905 1557 985 1610 foras

298 1644 483 1714 Narratque,
502 1649 538 1699 ut
557 1647 648 1716 virgo
663 1646 704 1699 ab
720 1661 757 1699 se
770 1646 890 1715 integra
910 1647 1001 1700 etiam
1020 1652 1085 1700 tum
1105 1648 1174 1715 siet;

145 1792 183 1856 in
206 1791 330 1857 Horati
352 1789 557 1857 Sermonum
579 1791 636 1856 lib.
659 1791 702 1856 Π.
726 1792 746 1856 l.
773 1791 828 1858 85:
900 1830 903 1835 -

307 1947 338 2004 Si
357 1952 424 2020 quis
442 1951 607 2019 obprobriis
626 1951 752 2020 dignum
772 1950 936 2018 latraverit,
954 1951 1072 2020 integer
1091 1950 1172 2021 ipse?

255 2096 509 2178 Saepenumero
541 2097 646 2177 igitur
679 2115 751 2161 vox
785 2097 958 2192 «integerf
993 2115 1013 2161 e
1044 2096 1233 2161 verborum
1266 2103 1431 2163 contextu

147 2203 284 2268 variam
309 2203 597 2286 significationem
619 2205 782 2286 accipere
813 2204 961 2286 videtur,
993 2221 1075 2268 nam
1108 2203 1144 2266 in
1176 2203 1236 2268 illo
1269 2205 1432 2287 Hecyrae

147 2327 253 2376 versu
276 2311 413 2394 integra
432 2313 623 2392 usurpatur
642 2329 704 2394 pro
721 2311 891 2376 inviolata
915 2329 976 2376 seu
996 2329 1065 2375 non
1083 2311 1226 2392 vitiata3
1249 2312 1284 2376 in
1309 2311 1432 2377 Horati

145 2417 369 2486 Sermonibus
392 2417 526 2502 integer
549 2421 621 2501 ipse
644 2422 697 2484 θεῖ
719 2419 776 2484 vir
799 2437 867 2482 non
890 2419 1082 2485 lacessitus,
1116 2419 1287 2484 Parmeno
1319 2419 1431 2502 Syrae

145 2525 230 2590 anui
251 2525 288 2590 in
312 2525 476 2607 Hecyrae
499 2544 532 2590 v.
558 2525 600 2592 76
624 2526 776 2606 mandat,
808 2529 848 2590 ut
879 2525 953 2590 seni
976 2526 1112 2591 nuntiet
1145 2543 1181 2590 se
1215 2526 1260 2591 ad
1292 2531 1431 2608 portum

130 2612 251 2699 ¹ivisse
275 2634 517 2714 percontatum
544 2633 736 2697 adventum
761 2633 932 2714 Pamphili
964 2638 999 2698 θῖ
1025 2618 1072 2696 »si
1105 2636 1252 2715 quaeret
1284 2651 1348 2716 me,
1380 2635 1430 2698 uti

145 2744 220 2804 tum
243 2739 355 2803 dicas:
377 2739 407 2803 si
430 2756 499 2805 non
521 2742 675 2822 quaeret,
698 2739 815 2803 nullus
838 2738 977 2823 dixeris,
1009 2739 1116 2817 Alias,
1150 2744 1189 2803 ut
1221 2739 1271 2803 uti
1303 2742 1428 2822 possim

146 2863 256 2911 causa
279 2863 349 2911 non
371 2847 516 2927 integra.
539 2844 573 2912 Si
592 2846 698 2929 igitur
721 2846 764 2911 de
786 2847 903 2912 causis
922 2846 1076 2912 dicendis
1101 2863 1214 2912 sermo
1237 2851 1299 2928 est
1322 2864 1431 2913 causa

145 2972 214 3020 non
237 2953 373 3036 integra
397 2959 449 3018 est
472 2971 582 3019 cauta
604 2971 673 3019 non
696 2953 831 3034 dicta1).
865 2951 965 3033 Quae
994 2972 1074 3018 cum
1097 2953 1148 3018 ita
1182 2954 1260 3036 sint,
1293 2955 1429 3036 integra

144 3078 275 3144 graeca
298 3061 419 3125 fabula
442 3061 541 3126 nulla
564 3061 634 3127 alia
653 3065 707 3127 ost
725 3061 789 3125 nisi
810 3079 860 3141 ea,
879 3078 971 3145 quae
990 3062 1143 3127 nondum
1158 3061 1268 3126 latina
1287 3061 1332 3125 ab
1351 3059 1429 3124 aliis

109 3173 115 3190 '
142 3171 242 3234 faeta
264 3171 326 3252 est,
348 3187 370 3232 a
394 3169 489 3255 nullo
511 3168 699 3251 interprete
722 3168 830 3234 latine
852 3185 966 3234 versa.
989 3166 1089 3248 Quae
1102 3173 1219 3234 autem
1235 3168 1280 3233 sit
1293 3167 1430 3249 integra

144 3275 263 3358 latina,
287 3293 356 3340 non
368 3276 491 3358 liquet.
509 3274 835 3358 Interpretatlonem
853 3293 947 3358 vero,
970 3292 1077 3359 quam
1098 3275 1269 3339 Dniatzko
1288 3282 1429 3341 secutus

144 3383 197 3465 sit,
220 3400 303 3448 cum
326 3383 457 3449 diceret
480 3383 625 3451 latinam
649 3383 821 3466 integram
845 3399 920 3448 esse
942 3383 1109 3466 fabulam,
1143 3382 1218 3446 »cui
1240 3400 1310 3447 non
1332 3399 1427 3463 opor·

143 3491 250 3556 tuerit
272 3491 461 3574 quicquam
485 3490 598 3575 addi«,
620 3491 696 3556 iure
718 3491 908 3573 improbari
931 3508 1039 3574 posse,
1071 3508 1172 3555 nemo
1195 3496 1248 3556 est
1270 3490 1354 3574 quin
1378 3491 1428 3555 vi-

144 3599 234 3664 deat.
256 3597 399 3680 Integra
422 3598 531 3665 latina
555 3598 668 3680 potius
690 3600 743 3663 θεῖ
766 3615 808 3664 ea
830 3598 960 3677 fabula,
983 3616 1074 3682 quae
1096 3598 1248 3663 nondum
1271 3599 1354 3662 acta
1377 3602 1430 3662 est

144 3706 205 3772 sed
227 3723 330 3771 nova.
353 3705 449 3770 Dicit
470 3704 576 3786 igitur
599 3709 701 3787 poeta
724 3723 762 3770 se
783 3723 830 3771 ex
851 3722 981 3788 graeca
1004 3705 1134 3787 tabula,
1161 3723 1253 3787 quae
1275 3704 1428 3769 nondum

143 3812 255 3879 latina
277 3813 323 3878 ab
346 3812 424 3878 aliis
446 3815 544 3877 facta
567 3812 620 3893 sit,
644 3830 772 3878 novam
797 3812 1010 3878 comoediam
1033 3812 1133 3877 hodie
1156 3828 1232 3878 esse
1255 3815 1428 3892 acturum,
1480 3855 1482 3859 ι

143 3938 212 4004 quo
241 3921 353 4000 magis
384 3920 548 3986 audiendi
579 3937 623 3984 ac
655 3919 883 4003 cognoscendi
918 3919 1030 3984 studio
1062 3919 1246 3984 auditores'
1270 3918 1427 3983 ardeant.

144 4027 224 4092 Una
252 4029 392 4092 tantum
415 4027 514 4092 modo
536 4026 627 4092 inest
649 4027 731 4092 huic
754 4026 1032 4108 interpretationi
1054 4026 1255 4107 difficultas
1278 4041 1344 4089 cur
1365 4024 1426 4088 Te·

254 4240 274 4306 ¹)
291 4239 335 4295 Ne
354 4239 508 4308 farragine
527 4240 732 4308 exemplorum
751 4238 894 4292 lectorem
912 4237 1045 4306 obruam,
1064 4237 1162 4292 decies
1181 4253 1198 4290 a
1216 4237 1356 4292 Terentio
1374 4251 1425 4290 vo·

143 4345 208 4387 cem
225 4330 373 4398 ›integer‹
389 4332 565 4398 usurpatam
579 4342 644 4383 esse
658 4326 812 4382 contendo.
827 4323 964 4382 Ceterum
979 4328 1032 4382 etr.
1041 4342 1118 4397 quae
1131 4326 1236 4381 attulit
1250 4325 1282 4384 F.
1297 4324 1426 4382 Skutsch

143 4421 176 4475 in
193 4419 344 4490 Philologi
363 4423 383 4472 t.
403 4419 446 4474 59.
465 4432 504 4473 ex
522 4434 548 4473 a.
570 4419 639 4475 1900
658 4433 685 4488 p.
704 4417 722 4472 8
741 4432 802 4487 sqq.

1285 4507 1319 4561 1*
