<?xml version="1.0" encoding="UTF-8"?>
<!DOCTYPE html PUBLIC "-//W3C//DTD XHTML 1.0 Transitional//EN"
    "http://www.w3.org/TR/xhtml1/DTD/xhtml1-transitional.dtd">
<html xmlns="http://www.w3.org/1999/xhtml" xml:lang="en" lang="en">
 <head>
  <title>
</title>
<meta http-equiv="Content-Type" content="text/html;charset=utf-8" />
  <meta name='ocr-system' content='tesseract 3.04.00' />
  <meta name='ocr-capabilities' content='ocr_page ocr_carea ocr_par ocr_line ocrx_word'/>
</head>
<body>
  <div class='ocr_page' id='page_1' title='image "./deheautontimoru00swibgoog_0030.png"; bbox 0 0 3198 5032; ppageno 0'>
   <div class='ocr_carea' id='block_1_1' title="bbox 596 257 813 322">
    <p class='ocr_par' dir='ltr' id='par_1_1' title="bbox 596 257 813 322">
     <span class='ocr_line' id='line_1_1' title="bbox 596 257 813 322; baseline -0.005 -18"><span class='ocrx_word' id='word_1_1' title='bbox 596 257 813 322; x_wconf 72' lang='lat'>..23-</span> 
     </span>
    </p>
   </div>
   <div class='ocr_carea' id='block_1_2' title="bbox 75 452 1371 2894">
    <p class='ocr_par' dir='ltr' id='par_1_2' title="bbox 75 452 1370 1612">
     <span class='ocr_line' id='line_1_2' title="bbox 75 452 1367 536; baseline -0.001 -16"><span class='ocrx_word' id='word_1_2' title='bbox 75 456 250 522; x_wconf 84' lang='lat' dir='ltr'>imitando</span> <span class='ocrx_word' id='word_1_3' title='bbox 269 473 383 519; x_wconf 91' lang='lat' dir='ltr'>mores</span> <span class='ocrx_word' id='word_1_4' title='bbox 402 453 578 519; x_wconf 92' lang='lat' dir='ltr'>hominum</span> <span class='ocrx_word' id='word_1_5' title='bbox 597 455 781 536; x_wconf 89' lang='lat' dir='ltr'>praeclare</span> <span class='ocrx_word' id='word_1_6' title='bbox 803 452 934 518; x_wconf 89' lang='lat' dir='ltr'>iudicat</span> <span class='ocrx_word' id='word_1_7' title='bbox 957 458 1058 535; x_wconf 83' lang='lat' dir='ltr'>posta</span> <span class='ocrx_word' id='word_1_8' title='bbox 1077 454 1113 518; x_wconf 92' lang='lat' dir='ltr'>in</span> <span class='ocrx_word' id='word_1_9' title='bbox 1131 454 1367 536; x_wconf 82' lang='lat' dir='ltr'><strong>Adelphorum</strong></span> 
     </span>
     <span class='ocr_line' id='line_1_3' title="bbox 76 558 1367 644; baseline 0 -18"><span class='ocrx_word' id='word_1_10' title='bbox 76 563 204 628; x_wconf 83' lang='lat' dir='ltr'>fabula</span> <span class='ocrx_word' id='word_1_11' title='bbox 217 563 246 644; x_wconf 86' lang='lat'>¹),</span> <span class='ocrx_word' id='word_1_12' title='bbox 280 563 338 626; x_wconf 91' lang='lat' dir='ltr'>uhi</span> <span class='ocrx_word' id='word_1_13' title='bbox 371 560 503 628; x_wconf 90' lang='lat' dir='ltr'>Demea</span> <span class='ocrx_word' id='word_1_14' title='bbox 530 561 643 626; x_wconf 85' lang='lat' dir='ltr'>lilium</span> <span class='ocrx_word' id='word_1_15' title='bbox 667 558 907 643; x_wconf 86' lang='lat' dir='ltr'>Ctesiphonem</span> <span class='ocrx_word' id='word_1_16' title='bbox 935 560 1106 642; x_wconf 81' lang='lat' dir='ltr'>inspicere</span> <span class='ocrx_word' id='word_1_17' title='bbox 1128 565 1309 644; x_wconf 81' lang='lat' dir='ltr'><strong>tamquam</strong></span> <span class='ocrx_word' id='word_1_18' title='bbox 1332 562 1367 626; x_wconf 92' lang='lat' dir='ltr'>in</span> 
     </span>
     <span class='ocr_line' id='line_1_4' title="bbox 78 667 1366 752; baseline -0.002 -18"><span class='ocrx_word' id='word_1_19' title='bbox 78 671 264 752; x_wconf 88' lang='lat' dir='ltr'>speculum</span> <span class='ocrx_word' id='word_1_20' title='bbox 285 669 321 734; x_wconf 91' lang='lat' dir='ltr'>in</span> <span class='ocrx_word' id='word_1_21' title='bbox 340 669 433 735; x_wconf 86' lang='lat' dir='ltr'>vitas</span> <span class='ocrx_word' id='word_1_22' title='bbox 453 668 606 734; x_wconf 91' lang='lat' dir='ltr'>omnium</span> <span class='ocrx_word' id='word_1_23' title='bbox 625 668 720 732; x_wconf 91' lang='lat' dir='ltr'>iubet</span> <span class='ocrx_word' id='word_1_24' title='bbox 737 673 844 750; x_wconf 87' lang='lat' dir='ltr'>atque</span> <span class='ocrx_word' id='word_1_25' title='bbox 858 685 904 734; x_wconf 87' lang='lat' dir='ltr'>ox</span> <span class='ocrx_word' id='word_1_26' title='bbox 917 667 995 732; x_wconf 90' lang='lat' dir='ltr'>aliis</span> <span class='ocrx_word' id='word_1_27' title='bbox 1014 685 1152 732; x_wconf 89' lang='lat' dir='ltr'>sumere</span> <span class='ocrx_word' id='word_1_28' title='bbox 1169 669 1366 750; x_wconf 88' lang='lat' dir='ltr'>exemplum</span> 
     </span>
     <span class='ocr_line' id='line_1_5' title="bbox 78 774 1368 858; baseline -0.002 -17"><span class='ocrx_word' id='word_1_29' title='bbox 78 778 157 842; x_wconf 90' lang='lat' dir='ltr'>sibi.</span> <span class='ocrx_word' id='word_1_30' title='bbox 180 775 320 842; x_wconf 82' lang='lat' dir='ltr'>Terenti</span> <span class='ocrx_word' id='word_1_31' title='bbox 339 776 450 840; x_wconf 87' lang='lat' dir='ltr'>verba</span> <span class='ocrx_word' id='word_1_32' title='bbox 469 775 505 838; x_wconf 92' lang='lat' dir='ltr'>in</span> <span class='ocrx_word' id='word_1_33' title='bbox 524 774 703 855; x_wconf 91' lang='lat' dir='ltr'>speculum</span> <span class='ocrx_word' id='word_1_34' title='bbox 728 774 899 856; x_wconf 86' lang='lat' dir='ltr'>inspicere</span> <span class='ocrx_word' id='word_1_35' title='bbox 922 775 1114 840; x_wconf 87' lang='lat' dir='ltr'>rectissime</span> <span class='ocrx_word' id='word_1_36' title='bbox 1136 792 1217 840; x_wconf 92' lang='lat' dir='ltr'>cum</span> <span class='ocrx_word' id='word_1_37' title='bbox 1241 793 1368 858; x_wconf 83' lang='lat' dir='ltr'>graeco</span> 
     </span>
     <span class='ocr_line' id='line_1_6' title="bbox 76 878 1368 969; baseline 0.001 -23"><span class='ocrx_word' id='word_1_38' title='bbox 76 888 110 946; x_wconf 80' lang='grc' dir='ltr'>ἐν</span> <span class='ocrx_word' id='word_1_39' title='bbox 134 885 328 969; x_wconf 71' lang='grc' dir='ltr'><strong>καθόπτροις</strong></span> <span class='ocrx_word' id='word_1_40' title='bbox 358 880 589 968; x_wconf 76' lang='grc' dir='ltr'><strong>καθεωρακέναι</strong></span> <span class='ocrx_word' id='word_1_41' title='bbox 618 882 854 948; x_wconf 85' lang='lat' dir='ltr'>conferuntur.</span> <span class='ocrx_word' id='word_1_42' title='bbox 886 878 1033 962; x_wconf 81' lang='lat' dir='ltr'>Clitipho</span> <span class='ocrx_word' id='word_1_43' title='bbox 1057 885 1202 964; x_wconf 78' lang='lat' dir='ltr'>epatre</span> <span class='ocrx_word' id='word_1_44' title='bbox 1225 881 1368 947; x_wconf 90' lang='lat' dir='ltr'>relictus</span> 
     </span>
     <span class='ocr_line' id='line_1_7' title="bbox 76 988 1369 1074; baseline 0 -19"><span class='ocrx_word' id='word_1_45' title='bbox 76 993 219 1074; x_wconf 90' lang='lat' dir='ltr'>iniquos</span> <span class='ocrx_word' id='word_1_46' title='bbox 252 1008 328 1055; x_wconf 91' lang='lat' dir='ltr'>esse</span> <span class='ocrx_word' id='word_1_47' title='bbox 351 994 469 1072; x_wconf 86' lang='lat' dir='ltr'>patres</span> <span class='ocrx_word' id='word_1_48' title='bbox 492 991 528 1054; x_wconf 91' lang='lat' dir='ltr'>in</span> <span class='ocrx_word' id='word_1_49' title='bbox 551 1006 670 1053; x_wconf 90' lang='lat' dir='ltr'>omnes</span> <span class='ocrx_word' id='word_1_50' title='bbox 702 988 943 1054; x_wconf 84' lang='lat' dir='ltr'>adulescentes</span> <span class='ocrx_word' id='word_1_51' title='bbox 977 989 1209 1072; x_wconf 86' lang='lat' dir='ltr'>conqueritur,</span> <span class='ocrx_word' id='word_1_52' title='bbox 1240 990 1369 1072; x_wconf 90' lang='lat' dir='ltr'>quippe</span> 
     </span>
     <span class='ocr_line' id='line_1_8' title="bbox 76 1096 1367 1182; baseline -0.002 -20"><span class='ocrx_word' id='word_1_53' title='bbox 76 1100 146 1182; x_wconf 92' lang='lat' dir='ltr'>qui</span> <span class='ocrx_word' id='word_1_54' title='bbox 170 1100 337 1164; x_wconf 86' lang='lat' dir='ltr'>censeant</span> <span class='ocrx_word' id='word_1_55' title='bbox 369 1097 610 1162; x_wconf 83' lang='lat' dir='ltr'>adulescentes</span> <span class='ocrx_word' id='word_1_56' title='bbox 633 1113 655 1160; x_wconf 90' lang='lat' dir='ltr'>a</span> <span class='ocrx_word' id='word_1_57' title='bbox 678 1096 794 1178; x_wconf 90' lang='lat' dir='ltr'>pueris</span> <span class='ocrx_word' id='word_1_58' title='bbox 823 1097 920 1160; x_wconf 88' lang='lat' dir='ltr'>nasci</span> <span class='ocrx_word' id='word_1_59' title='bbox 952 1114 1052 1162; x_wconf 88' lang='lat' dir='ltr'>senes</span> <span class='ocrx_word' id='word_1_60' title='bbox 1084 1115 1196 1180; x_wconf 86' lang='lat' dir='ltr'>neque</span> <span class='ocrx_word' id='word_1_61' title='bbox 1227 1097 1367 1162; x_wconf 88' lang='lat' dir='ltr'>illarum</span> 
     </span>
     <span class='ocr_line' id='line_1_9' title="bbox 77 1203 1367 1286; baseline 0 -16"><span class='ocrx_word' id='word_1_62' title='bbox 77 1207 213 1270; x_wconf 84' lang='lat' dir='ltr'>aliines</span> <span class='ocrx_word' id='word_1_63' title='bbox 234 1223 308 1270; x_wconf 90' lang='lat' dir='ltr'>esse</span> <span class='ocrx_word' id='word_1_64' title='bbox 335 1222 463 1284; x_wconf 86' lang='lat' dir='ltr'>rerum,</span> <span class='ocrx_word' id='word_1_65' title='bbox 495 1220 585 1286; x_wconf 90' lang='lat' dir='ltr'>quas</span> <span class='ocrx_word' id='word_1_66' title='bbox 607 1203 676 1268; x_wconf 83' lang='lat' dir='ltr'>tert</span> <span class='ocrx_word' id='word_1_67' title='bbox 699 1203 944 1268; x_wconf 85' lang='lat' dir='ltr'>adulescentia.</span> <span class='ocrx_word' id='word_1_68' title='bbox 979 1204 1134 1270; x_wconf 82' lang='lat' dir='ltr'>Annotat</span> <span class='ocrx_word' id='word_1_69' title='bbox 1167 1205 1367 1270; x_wconf 88' lang='lat' dir='ltr'>scholiasta:</span> 
     </span>
     <span class='ocr_line' id='line_1_10' title="bbox 81 1291 1367 1394; baseline 0 -18"><span class='ocrx_word' id='word_1_70' title='bbox 81 1332 108 1376; x_wconf 87' lang='lat' dir='ltr'>a</span> <span class='ocrx_word' id='word_1_71' title='bbox 132 1313 249 1394; x_wconf 90' lang='lat' dir='ltr'>pueris</span> <span class='ocrx_word' id='word_1_72' title='bbox 271 1311 369 1374; x_wconf 85' lang='lat' dir='ltr'>nasci</span> <span class='ocrx_word' id='word_1_73' title='bbox 393 1328 492 1375; x_wconf 88' lang='lat' dir='ltr'>senes</span> <span class='ocrx_word' id='word_1_74' title='bbox 515 1311 535 1375; x_wconf 91' lang='lat' dir='ltr'>i.</span> <span class='ocrx_word' id='word_1_75' title='bbox 560 1328 588 1375; x_wconf 89' lang='lat' dir='ltr'>c.</span> <span class='ocrx_word' id='word_1_76' title='bbox 611 1310 672 1392; x_wconf 91' lang='lat' dir='ltr'>qui</span> <span class='ocrx_word' id='word_1_77' title='bbox 696 1310 915 1374; x_wconf 89' lang='lat' dir='ltr'>arbitrantur</span> <span class='ocrx_word' id='word_1_78' title='bbox 946 1291 1076 1375; x_wconf 89' lang='lat' dir='ltr'>iustum</span> <span class='ocrx_word' id='word_1_79' title='bbox 1100 1329 1175 1377; x_wconf 89' lang='lat' dir='ltr'>esse</span> <span class='ocrx_word' id='word_1_80' title='bbox 1197 1313 1233 1375; x_wconf 93' lang='lat' dir='ltr'>in</span> <span class='ocrx_word' id='word_1_81' title='bbox 1256 1315 1367 1394; x_wconf 88' lang='lat' dir='ltr'>pueri-</span> 
     </span>
     <span class='ocr_line' id='line_1_11' title="bbox 84 1410 1369 1505; baseline -0.001 -23"><span class='ocrx_word' id='word_1_82' title='bbox 84 1420 139 1484; x_wconf 86' lang='lat' dir='ltr'>tia</span> <span class='ocrx_word' id='word_1_83' title='bbox 158 1419 307 1483; x_wconf 87' lang='lat' dir='ltr'>moribus</span> <span class='ocrx_word' id='word_1_84' title='bbox 327 1435 448 1483; x_wconf 88' lang='lat' dir='ltr'>senum</span> <span class='ocrx_word' id='word_1_85' title='bbox 468 1417 575 1482; x_wconf 90' lang='lat' dir='ltr'>nasci.</span> <span class='ocrx_word' id='word_1_86' title='bbox 599 1414 728 1482; x_wconf 83' lang='lat' dir='ltr'>Contra</span> <span class='ocrx_word' id='word_1_87' title='bbox 751 1415 962 1481; x_wconf 87' lang='lat' dir='ltr'>Plutarchus</span> <span class='ocrx_word' id='word_1_88' title='bbox 982 1410 1053 1480; x_wconf 80' lang='grc' dir='ltr'>οὐδὲ</span> <span class='ocrx_word' id='word_1_89' title='bbox 1070 1418 1126 1504; x_wconf 78' lang='grc' dir='ltr'>γὰρ</span> <span class='ocrx_word' id='word_1_90' title='bbox 1145 1423 1217 1492; x_wconf 79' lang='grc' dir='ltr'>τοὺς</span> <span class='ocrx_word' id='word_1_91' title='bbox 1234 1417 1369 1505; x_wconf 84' lang='grc' dir='ltr'>πατέρας</span> 
     </span>
     <span class='ocr_line' id='line_1_12' title="bbox 87 1514 1370 1612; baseline 0.002 -26"><span class='ocrx_word' id='word_1_92' title='bbox 87 1529 184 1612; x_wconf 78' lang='grc' dir='ltr'>ἔγωγε</span> <span class='ocrx_word' id='word_1_93' title='bbox 206 1514 280 1598; x_wconf 76' lang='grc' dir='ltr'>ἀξιῶ</span> <span class='ocrx_word' id='word_1_94' title='bbox 303 1523 416 1598; x_wconf 83' lang='grc' dir='ltr'><strong>τελέως</strong></span> <span class='ocrx_word' id='word_1_95' title='bbox 440 1527 584 1610; x_wconf 76' lang='grc' dir='ltr'>σκληροὺς</span> <span class='ocrx_word' id='word_1_96' title='bbox 607 1525 732 1596; x_wconf 85' lang='grc' dir='ltr'>ἑαυτοὺς</span> <span class='ocrx_word' id='word_1_97' title='bbox 761 1523 999 1609; x_wconf 78' lang='grc' dir='ltr'>ἀναμιμνήσκειν,</span> <span class='ocrx_word' id='word_1_98' title='bbox 1032 1525 1081 1586; x_wconf 82' lang='grc' dir='ltr'>ὅτι</span> <span class='ocrx_word' id='word_1_99' title='bbox 1102 1523 1240 1610; x_wconf 77' lang='grc' dir='ltr'>ἐγένοντο</span> <span class='ocrx_word' id='word_1_100' title='bbox 1263 1523 1323 1589; x_wconf 84' lang='grc' dir='ltr'>νέοι</span> <span class='ocrx_word' id='word_1_101' title='bbox 1339 1523 1370 1604; x_wconf 62' lang='lat'>²),</span> 
     </span>
    </p>

    <p class='ocr_par' dir='ltr' id='par_1_3' title="bbox 85 1628 1370 1930">
     <span class='ocr_line' id='line_1_13' title="bbox 195 1628 1370 1714; baseline -0.002 -16"><span class='ocrx_word' id='word_1_102' title='bbox 195 1632 305 1714; x_wconf 87' lang='lat' dir='ltr'>Syrus</span> <span class='ocrx_word' id='word_1_103' title='bbox 328 1632 448 1696; x_wconf 83' lang='lat' dir='ltr'>fucum</span> <span class='ocrx_word' id='word_1_104' title='bbox 471 1628 646 1696; x_wconf 84' lang='lat' dir='ltr'>Chremeti</span> <span class='ocrx_word' id='word_1_105' title='bbox 677 1630 764 1694; x_wconf 87' lang='lat' dir='ltr'>iacit</span> <span class='ocrx_word' id='word_1_106' title='bbox 796 1631 951 1714; x_wconf 91' lang='lat' dir='ltr'>dolisque</span> <span class='ocrx_word' id='word_1_107' title='bbox 973 1631 1045 1695; x_wconf 88' lang='lat' dir='ltr'>iam</span> <span class='ocrx_word' id='word_1_108' title='bbox 1069 1637 1189 1713; x_wconf 84' lang='lat' dir='ltr'>aperte</span> <span class='ocrx_word' id='word_1_109' title='bbox 1211 1632 1311 1714; x_wconf 84' lang='lat' dir='ltr'>fallit,</span> <span class='ocrx_word' id='word_1_110' title='bbox 1334 1639 1370 1698; x_wconf 89' lang='lat' dir='ltr'>et</span> 
     </span>
     <span class='ocr_line' id='line_1_14' title="bbox 86 1738 1368 1820; baseline -0.001 -15"><span class='ocrx_word' id='word_1_111' title='bbox 86 1743 169 1806; x_wconf 93' lang='lat' dir='ltr'>dum</span> <span class='ocrx_word' id='word_1_112' title='bbox 192 1740 251 1806; x_wconf 91' lang='lat' dir='ltr'>ille</span> <span class='ocrx_word' id='word_1_113' title='bbox 274 1740 335 1804; x_wconf 89' lang='lat' dir='ltr'>alii</span> <span class='ocrx_word' id='word_1_114' title='bbox 357 1739 520 1803; x_wconf 83' lang='lat' dir='ltr'>fallacias</span> <span class='ocrx_word' id='word_1_115' title='bbox 542 1738 673 1803; x_wconf 87' lang='lat' dir='ltr'>intendi</span> <span class='ocrx_word' id='word_1_116' title='bbox 696 1739 816 1820; x_wconf 91' lang='lat' dir='ltr'>credit,</span> <span class='ocrx_word' id='word_1_117' title='bbox 844 1739 955 1820; x_wconf 83' lang='lat' dir='ltr'>Syrus</span> <span class='ocrx_word' id='word_1_118' title='bbox 981 1739 1128 1805; x_wconf 88' lang='lat' dir='ltr'>miratur</span> <span class='ocrx_word' id='word_1_119' title='bbox 1152 1738 1368 1806; x_wconf 87' lang='lat' dir='ltr'>Chremetem</span> 
     </span>
     <span class='ocr_line' id='line_1_15' title="bbox 85 1845 1364 1930; baseline -0.002 -16"><span class='ocrx_word' id='word_1_120' title='bbox 85 1857 158 1914; x_wconf 87' lang='lat' dir='ltr'>tam</span> <span class='ocrx_word' id='word_1_121' title='bbox 178 1865 281 1912; x_wconf 90' lang='lat' dir='ltr'>manc</span> <span class='ocrx_word' id='word_1_122' title='bbox 299 1847 399 1912; x_wconf 96' lang='lat' dir='ltr'>domo</span> <span class='ocrx_word' id='word_1_123' title='bbox 418 1847 539 1927; x_wconf 87' lang='lat' dir='ltr'>exisse,</span> <span class='ocrx_word' id='word_1_124' title='bbox 563 1846 622 1930; x_wconf 91' lang='lat' dir='ltr'>qui</span> <span class='ocrx_word' id='word_1_125' title='bbox 642 1846 715 1910; x_wconf 90' lang='lat' dir='ltr'>heri</span> <span class='ocrx_word' id='word_1_126' title='bbox 734 1848 871 1910; x_wconf 86' lang='lat' dir='ltr'>tantum</span> <span class='ocrx_word' id='word_1_127' title='bbox 895 1845 1061 1924; x_wconf 78' lang='lat' dir='ltr'>biberit.)</span> <span class='ocrx_word' id='word_1_128' title='bbox 1084 1846 1172 1911; x_wconf 83' lang='lat' dir='ltr'>Tum</span> <span class='ocrx_word' id='word_1_129' title='bbox 1192 1845 1364 1914; x_wconf 91' lang='lat' dir='ltr'>Chremes:</span> 
     </span>
    </p>

    <p class='ocr_par' dir='ltr' id='par_1_4' title="bbox 195 1951 641 2036">
     <span class='ocr_line' id='line_1_16' title="bbox 195 1951 641 2036; baseline 0 -17"><span class='ocrx_word' id='word_1_130' title='bbox 195 1955 272 2019; x_wconf 85' lang='lat' dir='ltr'>»Nil</span> <span class='ocrx_word' id='word_1_131' title='bbox 296 1955 426 2018; x_wconf 80' lang='lat' dir='ltr'>nimis«</span> <span class='ocrx_word' id='word_1_132' title='bbox 452 1953 496 2018; x_wconf 82' lang='lat' dir='ltr'>Et</span> <span class='ocrx_word' id='word_1_133' title='bbox 518 1951 641 2036; x_wconf 84' lang='lat' dir='ltr'>Syrus:</span> 
     </span>
    </p>

    <p class='ocr_par' dir='ltr' id='par_1_5' title="bbox 196 2060 994 2143">
     <span class='ocr_line' id='line_1_17' title="bbox 196 2060 994 2143; baseline 0.006 -23"><span class='ocrx_word' id='word_1_134' title='bbox 196 2062 275 2127; x_wconf 81' lang='lat' dir='ltr'>»Nil</span> <span class='ocrx_word' id='word_1_135' title='bbox 292 2061 437 2126; x_wconf 81' lang='lat' dir='ltr'>narras?</span> <span class='ocrx_word' id='word_1_136' title='bbox 455 2061 533 2126; x_wconf 88' lang='lat' dir='ltr'>visa</span> <span class='ocrx_word' id='word_1_137' title='bbox 552 2063 679 2142; x_wconf 88' lang='lat' dir='ltr'>verost,</span> <span class='ocrx_word' id='word_1_138' title='bbox 702 2062 793 2143; x_wconf 92' lang='lat' dir='ltr'>quod</span> <span class='ocrx_word' id='word_1_139' title='bbox 811 2060 880 2124; x_wconf 90' lang='lat' dir='ltr'>dici</span> <span class='ocrx_word' id='word_1_140' title='bbox 900 2061 994 2141; x_wconf 89' lang='lat' dir='ltr'>solet,</span> 
     </span>
    </p>

    <p class='ocr_par' dir='ltr' id='par_1_6' title="bbox 193 2169 552 2253">
     <span class='ocr_line' id='line_1_18' title="bbox 193 2169 552 2253; baseline -0.006 -20"><span class='ocrx_word' id='word_1_141' title='bbox 193 2169 343 2253; x_wconf 81' lang='lat' dir='ltr'>Aquilae</span> <span class='ocrx_word' id='word_1_142' title='bbox 361 2176 552 2233; x_wconf 80' lang='lat' dir='ltr'>senectus«</span> 
     </span>
    </p>

    <p class='ocr_par' dir='ltr' id='par_1_7' title="bbox 85 2274 1371 2788">
     <span class='ocr_line' id='line_1_19' title="bbox 196 2274 1368 2361; baseline -0.001 -19"><span class='ocrx_word' id='word_1_143' title='bbox 196 2274 377 2354; x_wconf 73' lang='lat' dir='ltr'>Nenoini)</span> <span class='ocrx_word' id='word_1_144' title='bbox 399 2276 505 2340; x_wconf 82' lang='lat' dir='ltr'>affert</span> <span class='ocrx_word' id='word_1_145' title='bbox 527 2274 611 2339; x_wconf 94' lang='lat' dir='ltr'>illud</span> <span class='ocrx_word' id='word_1_146' title='bbox 635 2290 802 2357; x_wconf 87' lang='lat' dir='ltr'>graecum</span> <span class='ocrx_word' id='word_1_147' title='bbox 826 2278 918 2336; x_wconf 80' lang='grc' dir='ltr'><strong>ἀετοῦ</strong></span> <span class='ocrx_word' id='word_1_148' title='bbox 940 2281 1034 2361; x_wconf 77' lang='grc' dir='ltr'>γῆρας</span> <span class='ocrx_word' id='word_1_149' title='bbox 1064 2275 1300 2359; x_wconf 86' lang='lat' dir='ltr'>exemplisque</span> <span class='ocrx_word' id='word_1_150' title='bbox 1323 2276 1368 2341; x_wconf 91' lang='lat' dir='ltr'>lo-</span> 
     </span>
     <span class='ocr_line' id='line_1_20' title="bbox 86 2380 1369 2465; baseline -0.003 -16"><span class='ocrx_word' id='word_1_151' title='bbox 86 2384 262 2450; x_wconf 90' lang='lat' dir='ltr'>cutionem</span> <span class='ocrx_word' id='word_1_152' title='bbox 285 2382 418 2465; x_wconf 86' lang='lat' dir='ltr'>probat.</span> <span class='ocrx_word' id='word_1_153' title='bbox 441 2380 587 2447; x_wconf 87' lang='lat' dir='ltr'>Sensum</span> <span class='ocrx_word' id='word_1_154' title='bbox 610 2398 695 2447; x_wconf 86' lang='lat' dir='ltr'>vero</span> <span class='ocrx_word' id='word_1_155' title='bbox 718 2382 892 2463; x_wconf 88' lang='lat' dir='ltr'>proverbii</span> <span class='ocrx_word' id='word_1_156' title='bbox 916 2382 1128 2446; x_wconf 89' lang='lat' dir='ltr'>multimodis</span> <span class='ocrx_word' id='word_1_157' title='bbox 1151 2383 1369 2465; x_wconf 87' lang='lat' dir='ltr'>interpretati</span> 
     </span>
     <span class='ocr_line' id='line_1_21' title="bbox 85 2487 1369 2573; baseline 0.002 -19"><span class='ocrx_word' id='word_1_158' title='bbox 85 2495 169 2556; x_wconf 90' lang='lat' dir='ltr'>sunt</span> <span class='ocrx_word' id='word_1_159' title='bbox 191 2491 262 2556; x_wconf 91' lang='lat' dir='ltr'>viri</span> <span class='ocrx_word' id='word_1_160' title='bbox 283 2490 384 2554; x_wconf 90' lang='lat' dir='ltr'>docti.</span> <span class='ocrx_word' id='word_1_161' title='bbox 408 2487 511 2554; x_wconf 90' lang='lat' dir='ltr'>Valet</span> <span class='ocrx_word' id='word_1_162' title='bbox 534 2494 652 2554; x_wconf 84' lang='lat' dir='ltr'>autem</span> <span class='ocrx_word' id='word_1_163' title='bbox 679 2489 838 2573; x_wconf 82' lang='lat' dir='ltr'>»aquilae</span> <span class='ocrx_word' id='word_1_164' title='bbox 861 2493 1040 2554; x_wconf 83' lang='lat' dir='ltr'>senectus«</span> <span class='ocrx_word' id='word_1_165' title='bbox 1067 2507 1129 2571; x_wconf 90' lang='lat' dir='ltr'>pro</span> <span class='ocrx_word' id='word_1_166' title='bbox 1152 2488 1257 2554; x_wconf 87' lang='lat' dir='ltr'>viridi</span> <span class='ocrx_word' id='word_1_167' title='bbox 1280 2490 1369 2556; x_wconf 84' lang='lat' dir='ltr'>vivi·</span> 
     </span>
     <span class='ocr_line' id='line_1_22' title="bbox 85 2595 1371 2682; baseline 0.001 -20"><span class='ocrx_word' id='word_1_168' title='bbox 85 2600 202 2682; x_wconf 87' lang='lat' dir='ltr'>daque</span> <span class='ocrx_word' id='word_1_169' title='bbox 226 2603 375 2663; x_wconf 88' lang='lat' dir='ltr'>senecta.</span> <span class='ocrx_word' id='word_1_170' title='bbox 410 2595 570 2662; x_wconf 89' lang='lat' dir='ltr'>Ceterum</span> <span class='ocrx_word' id='word_1_171' title='bbox 602 2595 721 2679; x_wconf 89' lang='lat' dir='ltr'>aquila</span> <span class='ocrx_word' id='word_1_172' title='bbox 754 2596 900 2660; x_wconf 90' lang='lat' dir='ltr'>bibendo</span> <span class='ocrx_word' id='word_1_173' title='bbox 932 2613 1038 2679; x_wconf 89' lang='lat' dir='ltr'>seque</span> <span class='ocrx_word' id='word_1_174' title='bbox 1061 2599 1096 2659; x_wconf 90' lang='lat' dir='ltr'>in</span> <span class='ocrx_word' id='word_1_175' title='bbox 1120 2598 1249 2662; x_wconf 86' lang='lat' dir='ltr'>fontem</span> <span class='ocrx_word' id='word_1_176' title='bbox 1282 2615 1371 2662; x_wconf 46' lang='lat' dir='ltr'>mer-1</span> 
     </span>
     <span class='ocr_line' id='line_1_23' title="bbox 85 2702 1020 2788; baseline -0.005 -16"><span class='ocrx_word' id='word_1_177' title='bbox 85 2707 199 2788; x_wconf 87' lang='lat' dir='ltr'>gendo</span> <span class='ocrx_word' id='word_1_178' title='bbox 222 2705 335 2771; x_wconf 88' lang='lat' dir='ltr'>redire</span> <span class='ocrx_word' id='word_1_179' title='bbox 357 2705 403 2768; x_wconf 89' lang='lat' dir='ltr'>ad</span> <span class='ocrx_word' id='word_1_180' title='bbox 427 2704 616 2776; x_wconf 87' lang='lat' dir='ltr'>iuvenilem</span> <span class='ocrx_word' id='word_1_181' title='bbox 639 2702 797 2785; x_wconf 83' lang='lat' dir='ltr'>vigorem</span> <span class='ocrx_word' id='word_1_182' title='bbox 820 2703 1020 2784; x_wconf 90' lang='lat' dir='ltr'>putabatur.</span> 
     </span>
    </p>

    <p class='ocr_par' dir='ltr' id='par_1_8' title="bbox 197 2808 1003 2894">
     <span class='ocr_line' id='line_1_24' title="bbox 197 2808 1003 2894; baseline -0.006 -15"><span class='ocrx_word' id='word_1_183' title='bbox 197 2813 307 2894; x_wconf 89' lang='lat' dir='ltr'>Syrus</span> <span class='ocrx_word' id='word_1_184' title='bbox 331 2812 492 2876; x_wconf 90' lang='lat' dir='ltr'>admonet</span> <span class='ocrx_word' id='word_1_185' title='bbox 515 2808 768 2892; x_wconf 84' lang='lat' dir='ltr'>Clitiphontem,</span> <span class='ocrx_word' id='word_1_186' title='bbox 791 2828 834 2874; x_wconf 92' lang='lat' dir='ltr'>ne</span> <span class='ocrx_word' id='word_1_187' title='bbox 857 2814 1003 2876; x_wconf 88' lang='lat' dir='ltr'>metuat:</span> 
     </span>
    </p>
   </div>
   <div class='ocr_carea' id='block_1_3' title="bbox 303 2953 1024 3110">
    <p class='ocr_par' dir='ltr' id='par_1_9' title="bbox 303 2953 1024 3110">
     <span class='ocr_line' id='line_1_25' title="bbox 305 2953 1024 3022; baseline -0.003 -16"><span class='ocrx_word' id='word_1_188' title='bbox 305 2953 486 3022; x_wconf 86' lang='lat' dir='ltr'>Ademptum</span> <span class='ocrx_word' id='word_1_189' title='bbox 506 2953 560 3006; x_wconf 90' lang='lat' dir='ltr'>tibi</span> <span class='ocrx_word' id='word_1_190' title='bbox 579 2954 639 3006; x_wconf 86' lang='lat' dir='ltr'>iam</span> <span class='ocrx_word' id='word_1_191' title='bbox 655 2953 724 3006; x_wconf 86' lang='lat' dir='ltr'>faxo</span> <span class='ocrx_word' id='word_1_192' title='bbox 744 2967 861 3005; x_wconf 89' lang='lat' dir='ltr'>omnem</span> <span class='ocrx_word' id='word_1_193' title='bbox 880 2957 1024 3006; x_wconf 84' lang='lat' dir='ltr'>metum·</span> 
     </span>
     <span class='ocr_line' id='line_1_26' title="bbox 303 3040 977 3110; baseline -0.003 -14"><span class='ocrx_word' id='word_1_194' title='bbox 303 3043 338 3097; x_wconf 92' lang='lat' dir='ltr'>ln</span> <span class='ocrx_word' id='word_1_195' title='bbox 356 3058 460 3098; x_wconf 90' lang='lat' dir='ltr'>aurem</span> <span class='ocrx_word' id='word_1_196' title='bbox 479 3043 626 3097; x_wconf 85' lang='lat' dir='ltr'>utramvis</span> <span class='ocrx_word' id='word_1_197' title='bbox 645 3042 737 3095; x_wconf 87' lang='lat' dir='ltr'>otiose</span> <span class='ocrx_word' id='word_1_198' title='bbox 756 3045 791 3094; x_wconf 90' lang='lat' dir='ltr'>ut</span> <span class='ocrx_word' id='word_1_199' title='bbox 810 3040 946 3095; x_wconf 86' lang='lat' dir='ltr'>dormias.</span> <span class='ocrx_word' id='word_1_200' title='bbox 956 3043 977 3110; x_wconf 82' lang='lat'>⁵)</span> 
     </span>
    </p>
   </div>
   <div class='ocr_carea' id='block_1_4' title="bbox 86 3167 1370 3666">
    <p class='ocr_par' dir='ltr' id='par_1_10' title="bbox 86 3167 1370 3351">
     <span class='ocr_line' id='line_1_27' title="bbox 86 3167 1370 3272; baseline -0.004 -38"><span class='ocrx_word' id='word_1_201' title='bbox 86 3170 144 3236; x_wconf 93' lang='lat' dir='ltr'>cui</span> <span class='ocrx_word' id='word_1_202' title='bbox 169 3170 361 3234; x_wconf 89' lang='lat' dir='ltr'>sententiae</span> <span class='ocrx_word' id='word_1_203' title='bbox 386 3169 596 3251; x_wconf 83' lang='lat' dir='ltr'>proverbiali</span> <span class='ocrx_word' id='word_1_204' title='bbox 620 3168 802 3250; x_wconf 89' lang='lat' dir='ltr'>respondet</span> <span class='ocrx_word' id='word_1_205' title='bbox 788 3167 911 3233; x_wconf 92' lang='lat' dir='ltr'>tillud</span> <span class='ocrx_word' id='word_1_206' title='bbox 935 3187 1114 3272; x_wconf 86' lang='lat' dir='ltr'>graecum:</span> <span class='ocrx_word' id='word_1_207' title='bbox 1138 3167 1182 3230; x_wconf 81' lang='grc' dir='ltr'>ἐπ’</span> <span class='ocrx_word' id='word_1_208' title='bbox 1211 3169 1370 3255; x_wconf 80' lang='grc' dir='ltr'>ἀμφοτέρα</span> 
     </span>
     <span class='ocr_line' id='line_1_28' title="bbox 87 3270 294 3351; baseline -0.01 -12"><span class='ocrx_word' id='word_1_209' title='bbox 87 3270 294 3351; x_wconf 71' lang='grc' dir='ltr'>καθεύδεινθ.)</span> 
     </span>
    </p>

    <p class='ocr_par' dir='ltr' id='par_1_11' title="bbox 88 3382 1370 3666">
     <span class='ocr_line' id='line_1_29' title="bbox 180 3382 1370 3464; baseline -0.002 -13.973"><span class='ocrx_word' id='word_1_210' title='bbox 180 3385 277 3450; x_wconf 91' lang='lat' dir='ltr'>Post</span> <span class='ocrx_word' id='word_1_211' title='bbox 263 3389 372 3450; x_wconf 91' lang='lat' dir='ltr'>tremo</span> <span class='ocrx_word' id='word_1_212' title='bbox 414 3385 605 3449; x_wconf 89' lang='lat' dir='ltr'>rectissime</span> <span class='ocrx_word' id='word_1_213' title='bbox 642 3385 712 3447; x_wconf 92' lang='lat' dir='ltr'>iam</span> <span class='ocrx_word' id='word_1_214' title='bbox 749 3383 881 3447; x_wconf 90' lang='lat' dir='ltr'>monuit</span> <span class='ocrx_word' id='word_1_215' title='bbox 922 3382 1106 3461; x_wconf 79' lang='lat' dir='ltr'>Nencini)</span> <span class='ocrx_word' id='word_1_216' title='bbox 1147 3383 1370 3464; x_wconf 91' lang='lat' dir='ltr'>proverbium</span> 
     </span>
     <span class='ocr_line' id='line_1_30' title="bbox 89 3487 1369 3576; baseline -0.001 -20"><span class='ocrx_word' id='word_1_217' title='bbox 89 3492 341 3558; x_wconf 89' lang='lat' dir='ltr'>Menandreum</span> <span class='ocrx_word' id='word_1_218' title='bbox 363 3492 467 3553; x_wconf 77' lang='grc' dir='ltr'>ταῦτά</span> <span class='ocrx_word' id='word_1_219' title='bbox 491 3513 538 3552; x_wconf 83' lang='grc' dir='ltr'>σοι</span> <span class='ocrx_word' id='word_1_220' title='bbox 557 3493 608 3553; x_wconf 81' lang='grc' dir='ltr'>καὶ</span> <span class='ocrx_word' id='word_1_221' title='bbox 626 3490 734 3553; x_wconf 70' lang='grc' dir='ltr'>Πύθια</span> <span class='ocrx_word' id='word_1_222' title='bbox 756 3491 808 3552; x_wconf 82' lang='grc' dir='ltr'>καὶ</span> <span class='ocrx_word' id='word_1_223' title='bbox 832 3487 942 3576; x_wconf 77' lang='grc' dir='ltr'>Δήλια,</span> <span class='ocrx_word' id='word_1_224' title='bbox 966 3490 1057 3573; x_wconf 94' lang='lat' dir='ltr'>quod</span> <span class='ocrx_word' id='word_1_225' title='bbox 1080 3489 1248 3574; x_wconf 72' lang='lat' dir='ltr'>legitur),</span> <span class='ocrx_word' id='word_1_226' title='bbox 1272 3493 1369 3556; x_wconf 89' lang='lat' dir='ltr'>omis-</span> 
     </span>
     <span class='ocr_line' id='line_1_31' title="bbox 88 3599 503 3666; baseline -0.01 0"><span class='ocrx_word' id='word_1_227' title='bbox 88 3619 167 3666; x_wconf 88' lang='lat' dir='ltr'>sum</span> <span class='ocrx_word' id='word_1_228' title='bbox 191 3617 311 3666; x_wconf 83' lang='grc'><strong>11111</strong></span> <span class='ocrx_word' id='word_1_229' title='bbox 335 3599 503 3664; x_wconf 81' lang='lat' dir='ltr'>Terentio.</span> 
     </span>
    </p>
   </div>
   <div class='ocr_carea' id='block_1_5' title="bbox 197 3847 582 4097">
    <p class='ocr_par' dir='ltr' id='par_1_12' title="bbox 197 3847 573 4097">
     <span class='ocr_line' id='line_1_32' title="bbox 199 3847 427 3918; baseline -0.005 -16.947"><span class='ocrx_word' id='word_1_230' title='bbox 199 3847 347 3918; x_wconf 85' lang='lat' dir='ltr'>¹)Adelph.</span> <span class='ocrx_word' id='word_1_231' title='bbox 367 3848 427 3900; x_wconf 82' lang='lat'>415.</span> 
     </span>
     <span class='ocr_line' id='line_1_33' title="bbox 197 3935 582 4008; baseline -0.005 -17"><span class='ocrx_word' id='word_1_232' title='bbox 197 3937 219 4008; x_wconf 86' lang='lat'>¹)</span> <span class='ocrx_word' id='word_1_233' title='bbox 240 3937 284 3991; x_wconf 92' lang='lat' dir='ltr'>De</span> <span class='ocrx_word' id='word_1_234' title='bbox 303 3936 418 3991; x_wconf 87' lang='lat' dir='ltr'>educat.</span> <span class='ocrx_word' id='word_1_235' title='bbox 438 3949 519 4005; x_wconf 90' lang='lat' dir='ltr'>puer.</span> <span class='ocrx_word' id='word_1_236' title='bbox 541 3935 582 3989; x_wconf 80' lang='lat'>17</span> 
     </span>
     <span class='ocr_line' id='line_1_34' title="bbox 199 4025 431 4097; baseline 0.009 -18"><span class='ocrx_word' id='word_1_237' title='bbox 199 4026 219 4097; x_wconf 83' lang='lat'>¹)</span> <span class='ocrx_word' id='word_1_238' title='bbox 241 4026 350 4080; x_wconf 88' lang='lat' dir='ltr'>Heaut.</span> <span class='ocrx_word' id='word_1_239' title='bbox 370 4025 431 4081; x_wconf 86' lang='lat'>509.</span> 
     </span>
    </p>
   </div>
   <div class='ocr_carea' id='block_1_6' title="bbox 199 4204 631 4541">
    <p class='ocr_par' dir='ltr' id='par_1_13' title="bbox 199 4204 479 4274">
     <span class='ocr_line' id='line_1_35' title="bbox 199 4204 479 4274; baseline -0.007 -15"><span class='ocrx_word' id='word_1_240' title='bbox 199 4204 221 4274; x_wconf 79' lang='lat'>¹)</span> <span class='ocrx_word' id='word_1_241' title='bbox 240 4205 349 4258; x_wconf 89' lang='lat' dir='ltr'>Heaut.</span> <span class='ocrx_word' id='word_1_242' title='bbox 370 4220 399 4257; x_wconf 87' lang='lat' dir='ltr'>v.</span> <span class='ocrx_word' id='word_1_243' title='bbox 419 4204 479 4258; x_wconf 87' lang='grc'><strong>341.</strong></span> 
     </span>
    </p>

    <p class='ocr_par' dir='ltr' id='par_1_14' title="bbox 199 4292 631 4451">
     <span class='ocr_line' id='line_1_36' title="bbox 199 4292 631 4362; baseline -0.007 -14"><span class='ocrx_word' id='word_1_244' title='bbox 199 4297 219 4361; x_wconf 77' lang='lat'>¹)</span> <span class='ocrx_word' id='word_1_245' title='bbox 239 4293 318 4348; x_wconf 83' lang='lat' dir='ltr'>Com</span> <span class='ocrx_word' id='word_1_246' title='bbox 339 4309 384 4362; x_wconf 84' lang='lat' dir='ltr'>gr</span> <span class='ocrx_word' id='word_1_247' title='bbox 404 4294 481 4362; x_wconf 79' lang='lat' dir='ltr'>frag.</span> <span class='ocrx_word' id='word_1_248' title='bbox 502 4292 551 4348; x_wconf 92' lang='lat' dir='ltr'>lV</span> <span class='ocrx_word' id='word_1_249' title='bbox 573 4292 631 4348; x_wconf 84' lang='lat'>190.</span> 
     </span>
     <span class='ocr_line' id='line_1_37' title="bbox 200 4382 405 4451; baseline 0.005 -15"><span class='ocrx_word' id='word_1_250' title='bbox 200 4382 258 4448; x_wconf 85' lang='lat' dir='ltr'>¹)l.</span> <span class='ocrx_word' id='word_1_251' title='bbox 278 4383 296 4435; x_wconf 92' lang='lat' dir='ltr'>l.</span> <span class='ocrx_word' id='word_1_252' title='bbox 317 4399 343 4451; x_wconf 94' lang='lat' dir='ltr'>p</span> <span class='ocrx_word' id='word_1_253' title='bbox 362 4383 405 4437; x_wconf 77' lang='lat'>76.</span> 
     </span>
    </p>

    <p class='ocr_par' dir='ltr' id='par_1_15' title="bbox 199 4469 630 4541">
     <span class='ocr_line' id='line_1_38' title="bbox 199 4469 630 4541; baseline -0.009 -14"><span class='ocrx_word' id='word_1_254' title='bbox 199 4474 220 4541; x_wconf 81' lang='grc'>8)</span> <span class='ocrx_word' id='word_1_255' title='bbox 240 4469 318 4527; x_wconf 88' lang='lat' dir='ltr'>Com</span> <span class='ocrx_word' id='word_1_256' title='bbox 339 4488 384 4541; x_wconf 81' lang='lat' dir='ltr'>gr.</span> <span class='ocrx_word' id='word_1_257' title='bbox 406 4473 480 4540; x_wconf 83' lang='lat' dir='ltr'>trag.</span> <span class='ocrx_word' id='word_1_258' title='bbox 500 4471 549 4526; x_wconf 90' lang='lat' dir='ltr'>IV.</span> <span class='ocrx_word' id='word_1_259' title='bbox 570 4472 630 4526; x_wconf 78' lang='lat'><strong>296.</strong></span> 
     </span>
    </p>
   </div>
   <div class='ocr_carea' id='block_1_7' title="bbox 0 0 1612 5032">
    <p class='ocr_par' dir='ltr' id='par_1_16' title="bbox 0 0 1612 5032">
     <span class='ocr_line' id='line_1_39' title="bbox 0 0 1612 5032; baseline 0 0"><span class='ocrx_word' id='word_1_260' title='bbox 0 0 1612 5032; x_wconf 95' lang='lat' dir='ltr'> </span> 
     </span>
    </p>
   </div>
  </div>
 </body>
</html>
