3198 5032
749 289 967 360 -1‘4-

215 507 435 575 referendum
458 525 534 575 esse
556 513 699 574 censent
721 507 790 572 viri
813 508 904 573 docti
923 508 969 573 ad
988 507 1112 574 Heaut
1131 527 1165 573 v.
1184 508 1236 591 62,
1255 507 1314 576 ubi
1333 505 1502 576 Chremes

216 633 297 680 oum
334 615 465 681 virtute
497 619 571 679 tum
603 614 785 680 vicinitate
816 617 1009 680 commotus
1040 615 1194 680 amicum
1226 633 1264 682 se
1296 616 1500 683 Menedemo

127 765 129 774 ι
216 722 359 804 praebet
390 722 448 804 ita,
481 725 520 785 ut
542 738 621 786 eum
646 721 814 787 audacter
837 738 882 785 ac
904 721 1123 788 familiariter
1151 726 1297 803 moneat,
1321 741 1365 790 ue
1388 723 1498 788 nimio

215 829 293 912 plus
316 829 450 895 laboret
472 832 612 910 praeter
634 831 786 895 aetatem
805 844 905 893 suam
923 831 959 893 et
977 833 1115 910 praeter
1133 821 1247 913 quam'
1258 846 1315 894 res
1333 847 1397 895 sua
1416 848 1499 896 eum

214 936 429 1001 adhortatur.
452 935 497 999 Et
519 938 651 1018 postea:
1248 927 1252 934 '

377 1073 468 1128 »Nam
489 1091 540 1145 pro
559 1075 648 1130 deum
667 1080 759 1146 atque
778 1076 932 1131 homiuum
952 1076 1053 1142 iidem,
1072 1075 1145 1145 quid
1164 1077 1209 1130 vis
1230 1074 1302 1131 tibi?

374 1163 451 1227 Quid
470 1164 607 1234 quaeris?
624 1181 717 1220 annos
737 1166 895 1235 sexaginta
913 1171 1006 1220 natus
1024 1181 1064 1234 es,

376 1253 445 1310 nm
458 1255 528 1323 plue
543 1269 590 1322 eo,
606 1259 641 1310 ut
660 1255 804 1309 conicio-2

142 1453 145 1458 ,
321 1382 570 1465 Fragmentum
598 1382 703 1464 igitur
721 1381 807 1447 illud
825 1382 923 1447 nobis
942 1386 1126 1450 servatum
1149 1400 1176 1448 a
1199 1383 1319 1450 uerbis
1336 1381 1495 1451 Chreme-

213 1489 258 1553 tis
281 1507 349 1552 non
372 1489 542 1553 absonum
565 1507 639 1555 esse
662 1507 763 1554 nemo
786 1493 847 1570 est,
879 1490 964 1573 quin
996 1489 1123 1555 videat.
1155 1490 1203 1554 At
1225 1477 1376 1572 primum
1399 1492 1496 1559 iilius

213 1595 399 1680 fragmenti
423 1596 571 1661 verbum
595 1590 740 1683 δαιμονᾶς
762 1596 889 1663 avinis
907 1597 1017 1662 doctis
1036 1597 1072 1661 in
1091 1589 1226 1684 δαιμόνιε
1244 1599 1450 1665 emendatur
1461 1599 1495 1685 ¹),

206 1720 320 1788 quam
343 1704 525 1769 lectionem
557 1691 762 1786 praesertim
795 1701 933 1784 Cobetb
964 1705 1113 1785 probare
1145 1710 1292 1770 conatus
1320 1711 1380 1788 est,
1413 1725 1492 1775 ver·

213 1812 296 1876 bum
321 1802 466 1897 δαιμονᾶν
490 1811 591 1877 nimis
614 1811 900 1877 contumeliosum
922 1828 998 1877 esse
1022 1815 1128 1876 ratus.
1151 1809 1217 1878 Sed
1235 1816 1331 1879 recte
1350 1815 1420 1880 iam
1438 1815 1494 1881 ob·

212 1920 373 1986 servavit
396 1918 586 1998 Kookiuse
612 1919 795 1986 lectionem
819 1911 954 2004 δαιμόνιε
976 1919 1095 1984 versui
1118 1922 1235 1984 nostro
1248 1938 1336 2022 A‘non
1367 1940 1492 1990 conve·

213 2026 296 2109 nire,
319 2027 386 2092 nisi
408 2028 497 2092 forte
520 2043 582 2108 pro
605 2028 734 2113 γεγονώς
756 2026 920 2091 scribitur
942 2026 1075 2112 γέγονας.
1249 2097 1252 2104 ,

320 2134 375 2199 Ad
397 2152 489 2218 quae
511 2133 652 2198 fabulae
675 2134 786 2198 verba
810 2132 982 2215 pertineat
1005 2134 1155 2199 alterum
1177 2134 1412 2221 fragmentum

319 2242 456 2328 λουτρόν,
480 2233 670 2328 θεραπαίνας,
694 2242 900 2328 ἀργυρώματα
909 2239 933 2322 ⁴)
964 2241 1035 2306 iam
1067 2238 1171 2306 facile
1202 2242 1414 2325 intellegitur
1446 2263 1493 2311 ex

213 2348 684 2431 Heaut.v,130.1bienim
708 2346 940 2432 Menedemus,
972 2367 1054 2414 oum
1085 2349 1197 2415 lilium
1229 2351 1275 2416 ad
1307 2367 1425 2433 regem
1457 2353 1494 2416 in

213 2457 334 2522 Asiam
357 2456 543 2521 militatum
566 2457 692 2521 abiisse
715 2457 942 2540 cognovisset,
975 2456 1114 2521 domum
1137 2473 1238 2521 suam
1261 2461 1416 2524 maestus
1438 2477 1493 2524 re·

213 2563 363 2629 vertitur
386 2565 501 2629 animo
524 2564 727 2646 perturbato
749 2567 855 2647 atque
879 2565 1011 2629 incerto
1039 2580 1124 2645 prae
1146 2563 1352 2646 egritudine
1384 2566 1492 2632 Adse-

213 2671 263 2735 dit
285 2671 384 2754 domi‚
407 2676 600 2737 accurrunt
622 2671 725 2754 servi,
743 2683 877 2736 'soccos
901 2670 1101 2736 detrahunt:
1133 2670 1213 2736 inde
1235 2671 1295 2736 alii
1317 2672 1493 2757 testinant,
1597 2677 1598 2768 ]

211 2777 320 2842 lectos
335 2781 502 2861 sternunt,
526 2797 650 2844 cenam
673 2779 860 2861 adparent:
883 2796 946 2861 pro
969 2795 1005 2844 se
1028 2779 1174 2862 quisque
1189 2779 1307 2845 sedulo
1330 2779 1493 2864 iaciebat,

211 2903 280 2968 quo
303 2885 401 2950 illam
423 2886 507 2951 hero
528 2886 678 2952 lenirent
700 2885 952 2972 miseriamdt
975 2886 1210 2974 Menedemus:

426 3025 501 3082 »Ubi
519 3027 606 3082 video
624 3027 697 3081 haec
715 3028 798 3097 coepi
816 3028 950 3098 cogitare
968 3026 1044 3094 hem,
1064 3030 1108 3081 tot
1126 3041 1192 3080 mea

426 3113 522 3172 Solius
542 3117 661 3171 solliciti
680 3117 739 3170 sint
757 3131 855 3185 causa,
874 3119 909 3171 ut
928 3131 975 3170 me
994 3129 1088 3170 unum
1108 3114 1266 3184 expleant?

425 3205 559 3260 Ancillae
578 3209 622 3260 tot
641 3221 688 3260 me
707 3203 856 3262 vestiant?
875 3208 1012 3275 sumptus
1030 3203 1111 3258 domi

425 3294 536 3350 Tantos
553 3310 612 3364 ego
631 3296 711 3350 solus
730 3291 875 3349 laetam?

319 3420 481 3506 Sequitur
503 3424 748 3505 fragmentum,
771 3422 898 3504 inquo
921 3420 1031 3485 multa
1054 3424 1144 3504 sunt,
1176 3437 1268 3503 quae
1290 3421 1492 3488 criticorum
1595 3409 1596 3454 l

213 3545 337 3594 curam
359 3533 394 3595 et
416 3547 565 3596 acumen
588 3532 807 3613 exspectant:

535 3670 559 3733 ἐξ
577 3672 688 3741 [osoplon
707 3665 734 3722 δ’
750 3669 870 3740 ἐκρέματο
889 3669 1032 3739 φιλοπόνως
1051 3669 1125 3736 πάνυ,

534 3801 600 3813 .....
609 3762 651 3813 καὶ
671 3759 813 3830 asperatur
831 3753 863 3826 ἤν
882 3760 935 3830 μία,

534 3849 596 3916 αὕτη
616 3848 763 3920 συνύφαινεν
782 3848 898 3920 ῥυπαρῶς
917 3849 1070 3920 διακειμένη,

318 3977 414 4044 Libri
436 3978 603 4045 exhibent
625 3977 809 4043 lectionem
832 3965 865 4048 ἐξ
893 3975 1201 4062 1σταρίουγὰρ;γὰρ
1224 3975 1260 4038 in
1284 3966 1310 4036 δ’
1337 3972 1492 4041 correxit

321 4211 340 4278 ¹)
358 4211 455 4282 δαίμων
474 4208 521 4262 ato
539 4200 682 4263 exhibent
701 4207 777 4261 libri.

320 4301 341 4368 ¹)
357 4299 427 4356 Ver.
446 4299 586 4354 lectiones
605 4295 639 4352 V.
661 4299 689 4352 1¹
707 4297 767 4352 200.

320 4390 342 4458 ¹)
360 4390 378 4443 l.
398 4390 416 4443 l.
436 4405 463 4458 p.
482 4387 525 4444 42.

319 4481 341 4548 ⁴)
357 4477 492 4535 Koclrius
510 4477 529 4530 l.
549 4478 566 4531 l.
588 4476 638 4532 141
658 4479 689 4530 et
707 4474 844 4530 Melnekc
862 4491 889 4546 p.
911 4474 966 4528 111.
