3198 5032
760 305 980 368 ..15-

226 534 247 580 e
270 515 413 598 tragicis
445 516 583 597 graecis
613 515 740 596 sumpti
765 533 847 579 oum
871 516 1091 582 Menandreis
1109 518 1303 584 foedissime
1326 520 1515 586 confunde-

217 625 358 704 rentur.
382 622 470 689 Sunt
495 624 683 704 praecipue
706 623 897 689 sententiae
920 625 1157 706 proverbiales
1180 626 1239 690 vel
1261 630 1387 708 argute
1409 627 1518 710 dicta,

227 748 319 813 quae
338 731 422 794 satis
442 731 620 795 commode
637 736 673 795 et
691 731 726 794 in
745 730 924 812 tragoedia
938 731 1022 810 etin
1037 733 1213 797 comoedia
1232 733 1312 814 poni
1330 734 1517 814 potuerint.

228 835 306 917 Quo
329 839 461 902 iactum
495 841 557 920 est,
590 838 685 901 utin
709 838 915 920 fragmentis
947 840 1159 904 comicorum
1193 841 1373 921 complura
1406 841 1517 905 insint

229 946 399 1010 cothurno
422 961 528 1027 quam
553 961 655 1008 socco
678 945 844 1025 digniora.

337 1051 424 1118 Cum
447 1051 734 1116 lacrimabundus
757 1052 980 1118 Menedemus
999 1050 1172 1120 Chremeti
1191 1053 1335 1118 dixisset
1353 1055 1514 1120 satis'su·

229 1176 361 1242 perque
383 1177 420 1224 se
443 1160 514 1222 iam
537 1164 673 1240 patrem
697 1159 824 1224 durum
847 1161 962 1242 fuisse,
980 1179 1002 1224 a
1021 1158 1203 1226 Chremete
1221 1161 1417 1243 castigatur
1435 1181 1514 1228 ver-

229 1265 294 1330 bis:
321 1266 491 1331 »Vemens
514 1265 550 1330 in
574 1272 760 1351 utramque
784 1271 929 1349 partem,
953 1267 1162 1350 Menedeme‚
1185 1283 1222 1334 es
1241 1269 1343 1333 nimis
1363 1274 1425 1333 aut
1444 1271 1514 1335 lar-

228 1373 338 1456 gitate
361 1374 467 1437 nimia
491 1378 553 1437 aut
576 1373 828 1455 parsimonia1).

336 1480 391 1544 Ad
405 1497 495 1562 quae
509 1481 620 1545 verba
634 1482 818 1545 annotavit
831 1482 1017 1546 scholiasta
1033 1482 1160 1547 codicis
1175 1483 1332 1548 Bembini
1344 1501 1514 1565 graecum

230 1593 288 1660 πᾶς
311 1587 412 1672 πατὴρ
436 1587 536 1672 μωρός
559 1587 704 1670 parique
729 1589 828 1652 modo
851 1588 1019 1670 suspicati
1041 1594 1123 1653 sunt
1141 1589 1210 1654 viri
1228 1590 1320 1655 docti
1338 1593 1513 1674 fragmen·
1554 1647 1559 1658 .

231 1698 304 1757 tum
328 1693 413 1759 illud
437 1695 506 1776 huc
525 1695 707 1776 pertinere.
731 1693 854 1774 Quam
866 1695 1059 1778 opinionem
1078 1702 1173 1782 recte
1192 1698 1320 1762 refellit
1338 1699 1407 1763 iam
1425 1697 1513 1766 Ihne

231 1802 252 1864 l.
276 1802 296 1864 l.
320 1817 487 1884 graecum
510 1803 747 1884 fragmentum
770 1802 838 1868 alio
862 1804 1083 1868 referendum
1105 1821 1182 1868 esse
1204 1809 1313 1869 ratus.

337 1907 499 1992 Sequitur
532 1909 626 1991 apud
658 1909 723 1974 Au.
758 1909 966 1976 Meinekium
979 1909 1000 1990 2)
1032 1917 1066 1976 et
1101 1911 1308 1992 Koelrium³)
1339 1915 1513 1995 fragmen·

230 2019 306 2079 tum
329 2016 408 2082 hoc:

550 2103 622 2154 Οἵκοι
643 2105 721 2174 μένειν
741 2102 788 2174 χρὴ
808 2106 850 2155 καὶ
869 2105 948 2174 μένειν
968 2103 1103 2174 ἐλεύθερον

551 2193 567 2257 ἢ
588 2189 676 2262 μηκέτ’
693 2189 754 2245 εἶναι
773 2193 816 2245 τὸν
836 2195 921 2255 καλῶς
941 2193 1084 2265 εὐδαίμονα.

338 2335 437 2416 Quae
461 2339 572 2402 verba
595 2356 618 2403 a
642 2335 787 2404 Stobaeo
811 2339 900 2404 Flor.
924 2341 975 2404 31.
1001 2344 1050 2406 11.
1084 2341 1165 2405 olim
1187 2341 1299 2406 allata
1322 2341 1514 2409 Chremetis

230 2463 306 2510 esse
329 2442 462 2509 Cliniae
482 2444 632 2526 patriam
656 2446 849 2529 reliquendi
868 2448 1048 2512 consilium
1068 2448 1300 2530 vituperantis
1318 2449 1514 2516 arbitratur

232 2552 433 2616 Meinekius.
457 2550 605 2634 Clitipho
628 2555 720 2618 enim
744 2555 883 2618 nuntiat
905 2556 997 2636 patri
1021 2553 1168 2620 Cliniam
1191 2573 1260 2619 non
1279 2573 1353 2621 esse
1371 2555 1408 2620 in
1428 2557 1514 2622 Asia

231 2659 292 2724 sed
316 2659 415 2724 domi.
439 2659 595 2724 Adduxit
617 2661 708 2726 enim
731 2680 751 2726 e
775 2663 859 2726 navi
881 2661 1113 2744 egredientem
1137 2664 1403 2747 adulescentem,
1431 2682 1512 2748 quo-

232 2785 314 2831 cum
337 2766 401 2830 sibi
425 2767 505 2831 inde
528 2785 549 2830 a
574 2767 722 2849 pueritia
744 2768 811 2832 tuit
834 2786 969 2851 semper
991 2769 1222 2852 familiaritas,
1244 2769 1290 2834 ad
1309 2786 1442 2834 cenam.
1466 2769 1515 2833 At

229 2872 437 2938 adulescens
468 2874 566 2939 timet
593 2876 720 2940 emnia:
754 2877 863 2957 patris
886 2877 984 2959 iram,
1007 2877 1143 2940 amicae
1166 2877 1321 2940 animum
1343 2874 1408 2939 sibi
1431 2875 1513 2941 alie·

232 2998 325 3046 num.
359 2980 507 3045 Miratur
534 2981 706 3058 Chremes,
741 3001 805 3048 cur
829 2984 950 3070 timeat
973 2985 1040 3063 ille,
1064 2986 1123 3069 qui
1146 2985 1263 3050 omnia
1285 2983 1401 3066 habet,
1422 3001 1513 3066 quae

231 3087 372 3170 quidem
394 3089 430 3151 in
453 3089 590 3155 homine
613 3089 777 3155 dicuntur
800 3092 904 3156 bona:
928 3094 1098 3174 parentes,
1122 3092 1273 3174 patriam
1296 3090 1511 3171 incolumem,

232 3196 372 3277 amicos,
395 3215 513 3279 genus,
538 3201 712 3279 cognatos,
735 3198 851 3276 ditias;
875 3198 935 3282 qui
955 3199 1003 3262 uti
1023 3200 1097 3282 soit,
1116 3199 1147 3263 ei
1166 3199 1270 3280 bona;
1289 3197 1348 3280 illi,
1367 3197 1513 3281 quinon

222 3302 342 3392 ⁸utitur
365 3308 468 3384 recte,
493 3304 596 3367 mala.
619 3303 663 3367 Et
686 3323 768 3369 cum
791 3303 939 3388 Clitipho
962 3303 1095 3372 Cliniae
1118 3310 1253 3388 patrem
1277 3307 1513 3388 importunum

233 3426 369 3490 semper
392 3426 508 3475 senem
533 3415 640 3494 atque
663 3411 820 3495 iniquum
843 3413 949 3478 luisse
971 3413 1064 3496 dicit,
1088 3412 1263 3479 Chremes:

340 3516 428 3581 Utut
451 3524 536 3599 erat,
561 3537 721 3583 mansum
746 3523 863 3584 tamen
887 3522 1038 3602 oportuit
1046 3519 1078 3601 ⁴).

340 3621 402 3689 Cui
421 3626 539 3690 versui
564 3625 650 3690 illud
673 3643 841 3709 graecum
859 3626 954 3712 μένειν
976 3628 1034 3715 χρή
1053 3630 1180 3711 optime
1198 3628 1387 3694 convenire
1406 3629 1512 3712 suspi-

233 3732 308 3795 cari
341 3731 436 3813 licet,
468 3749 683 3816 quamquam
715 3734 895 3799 Terentius
928 3735 1178 3801 Menandream
1210 3737 1417 3801 sententiam
1446 3755 1514 3803 non

230 3839 278 3902 ad
301 3839 449 3905 verbum
474 3841 687 3922 expressisse
709 3841 848 3907 videtur
873 3843 933 3907 sed
956 3844 1202 3930 concinnatam
1224 3843 1391 3910 extulisse
1402 3841 1433 3922 ⁶).

340 3946 499 4011 Nondum
533 3951 759 4029 personatum
791 3954 843 4014 est
874 3950 1121 4033 fragmentum:
1153 3947 1216 4036 μετ’
1250 3955 1371 4038 ἄριστον
1394 3951 1451 4036 γὰρ
1476 3955 1516 4024 ὡς

342 4139 361 4207 ¹)
380 4140 489 4195 Heaut.
510 4157 538 4195 v.
558 4141 620 4195 440.

341 4233 362 4298 ³)
380 4231 398 4283 l.
419 4232 438 4284 l.
456 4247 482 4299 p.
505 4232 563 4285 111.

341 4322 361 4387 1)
380 4321 397 4374 l.
416 4321 436 4374 l.
455 4337 482 4392 p.
504 4322 563 4376 145.

340 4412 362 4477 ⁴)
379 4410 486 4464 Heaut.
507 4426 535 4463 v.
555 4411 616 4465 200.

335 4501 360 4566 ·⁵)
379 4501 432 4558 cfr.
451 4499 576 4556 Nencini
596 4517 622 4569 p.
642 4501 685 4556 te.
