3198 5032
701 247 896 313 ..p-

622 459 796 513 »Leorumas
814 460 946 514 excussit
964 460 1050 514 mihi:

370 547 549 616 Miseretque
568 562 616 602 me
634 547 713 615 eius3
733 548 783 602 sed
803 553 838 602 ut
856 548 917 603 diei
935 555 1054 618 tempus
1073 554 1126 617 est,

369 637 514 708 Tempust
533 652 653 692 monere
672 653 719 693 me
737 639 818 693 huno
836 639 970 693 vicinum
990 638 1143 706 Phaniam,

369 726 416 781 Ad
436 742 539 782 aenam
559 732 594 781 ut
613 728 728 782 ventat:
748 727 797 781 ibo
817 728 912 782 visam
931 729 955 782 si
974 728 1098 783 domist«
1110 728 1139 798 ¹).

170 905 188 929 ·-
264 889 343 971 Qua
362 891 497 957 ratione
512 896 625 956 motus
644 895 745 973 poeta
765 891 973 958 mentionem
993 892 1090 957 illam
1109 892 1151 958 de
1169 893 1286 957 vicino
1305 891 1439 958 Phania

154 997 347 1066 Chremetis
366 998 484 1063 verbis
503 997 699 1081 intexuerit,
718 1016 844 1080 parum
862 998 978 1081 liquet
1003 998 1174 1064 Nimirum
1197 1017 1338 1065 monere
1360 1000 1439 1065 vult

156 1105 320 1173 Chremes
345 1105 523 1188 Phaniam,
548 1112 587 1169 ut
609 1106 655 1171 ad
678 1123 803 1170 cenam
826 1106 959 1187 veniat;
991 1106 1097 1190 igitur
1124 1091 1340 1175 amouendus
1362 1112 1440 1173 erat

129 1201 135 1212 “
155 1201 192 1286 i'n
207 1215 301 1278 exitu
326 1230 485 1292 scaenae,
509 1213 568 1277 sed
584 1208 760 1295 crepuisse
773 1215 864 1278 fores
879 1214 985 1295 audit,
999 1213 1112 1278 studio
1125 1214 1354 1296 cognoscendi
1372 1215 1438 1279 ier-

96 1389 99 1395 ,
149 1325 213 1396 ,tur
235 1325 270 1386 et
293 1320 474 1402 paululum
498 1319 665 1385 concedit.
689 1319 809 1403 Neque
828 1338 975 1404 usquam
996 1327 1113 1386 tamen
1132 1321 1175 1388 de
1194 1320 1327 1386 Phania
1346 1339 1439 1387 men-

155 1427 203 1494 tio
225 1429 266 1492 fit
288 1428 324 1492 in
343 1426 478 1511 reliqua
501 1427 622 1492 fabula
645 1428 858 1508 exponenda.

250 1534 423 1600 vAlterum
441 1535 659 1598 luculentum
677 1552 763 1599 sane
777 1535 977 1600 mutationis
991 1534 1157 1599 indicium
1171 1536 1343 1618 reperitur
1357 1553 1440 1601 cum

157 1621 322 1708 Chremes
336 1645 453 1706 monet
476 1640 725 1721 Menedemum,
754 1644 793 1706 ut
816 1659 877 1724 per
900 1642 1008 1706 alium
1032 1643 1193 1725 quemvis
1215 1641 1288 1707 tilio
1303 1643 1361 1708 det
1383 1661 1439 1724 pe-

102 1749 107 1756 '
156 1750 299 1816 cuniam
323 1747 477 1831 illudque
500 1766 595 1813 nunc
614 1756 751 1832 agatur,
769 1749 939 1832 quomodo
957 1748 1098 1813 minimo
1118 1750 1272 1832 periculo
1291 1751 1441 1832 pecunia

156 1856 419 1922 adulescentulo
443 1855 602 1937 praeberi
626 1862 741 1937 queat.
764 1854 856 1920 Nam
879 1856 908 1920 ri
931 1856 1025 1920 filius
1049 1857 1158 1938 patris
1182 1856 1361 1922 lenitatem
1384 1875 1438 1923 eo·

154 1964 326 2050 gnoverit,
349 1981 418 2027 non
441 1962 584 2027 dubium
608 1967 668 2042 est,
691 1962 776 2045 quin
795 1967 895 2045 pater
914 1963 1011 2045 prius
1030 1962 1140 2029 vitam
1160 1980 1366 2047 omnemque
1384 1984 1458 2048 pe·-

154 2074 297 2139 cuniam
329 2072 522 2136 amissurus
545 2069 598 2151 sit,
630 2087 735 2152 quam
760 2070 881 2135 filium.
922 2070 1125 2136 Fenestram
1150 2069 1371 2137 Menedemus
1394 2075 1440 2138 ad

110 2234 115 2243 .
154 2178 347 2262 nequitiam
370 2178 569 2260 patefacere
591 2182 749 2242 conatur.
772 2177 864 2243 Nam
886 2197 1005 2243 omnes
1028 2178 1215 2244 deteriores
1237 2196 1312 2244 esse
1336 2179 1440 2244 licen·

155 2285 206 2350 tia
228 2303 329 2351 nemo
352 2285 501 2367 negabit.
535 2284 569 2351 Si
593 2285 756 2368 deinceps
780 2285 964 2367 pecuniam
995 2285 1230 2368 denegaverit,
1262 2284 1439 2349 abiturum

95 2429 100 2438 ·
155 2411 194 2460 se
216 2411 239 2456 a
262 2396 362 2476 patre
385 2393 479 2457 iilius
502 2391 701 2457 minabitur.
732 2392 776 2457 Et
808 2411 890 2458 cum
914 2392 1136 2458 Menedemus
1169 2409 1302 2456 summo
1326 2391 1438 2456 studio

156 2501 228 2564 iam
251 2500 363 2565 filium
386 2499 582 2582 amplexari
606 2500 711 2582 cupit,
734 2499 910 2566 Chremes:

798 2667 940 2737 »Operam
959 2667 1043 2733 dabo,

371 2758 499 2813 Paulum
519 2759 622 2826 negoti
641 2759 682 2812 mi
701 2758 813 2813 obstat:
832 2757 931 2814 Simus
949 2767 980 2812 et
998 2755 1078 2813 Crito

371 2847 469 2901 Vicini
487 2849 582 2903 nostri
600 2848 649 2901 hie
667 2848 825 2916 ambigunt
844 2847 881 2900 de
899 2848 1025 2902 finibus:

371 2935 416 2990 Me
436 2951 542 3005 cepere
560 2935 720 2990 arbitrum:
739 2936 788 2992 ibo
806 2935 912 3004 dicam,
931 2942 964 2990 ut
983 2936 1118 2991 dixeram

369 3023 495 3095 Operam
515 3026 658 3080 daturum
677 3041 733 3090 me,
753 3025 839 3079 hodie
858 3040 917 3080 non
937 3041 1022 3096 posse
1040 3026 1082 3080 eis
1101 3025 1180 3080 dare.

370 3113 519 3170 Continuo
537 3115 585 3168 hio
603 3115 725 3169 adsum‹
736 3115 763 3181 ¹).

160 3257 164 3268 '
264 3268 386 3334 Postea
410 3275 528 3335 autem
553 3275 671 3336 manet
698 3268 862 3336 Chremes
886 3271 921 3334 in
945 3288 1074 3336 scaena
1097 3289 1209 3354 neque
1233 3287 1381 3354 usquam
1404 3270 1440 3334 in

158 3377 281 3442 fabula
304 3377 503 3441 enarranda
527 3395 582 3443 res
606 3378 649 3441 de
673 3378 765 3443 Simo
783 3381 818 3442 et
836 3374 974 3443 Critone
992 3376 1117 3459 agitur.
1137 3375 1369 3456 Ladeviousp
1386 3377 1439 3442 de·

159 3483 306 3549 nemisse
334 3484 427 3565 apud
446 3481 681 3548 Menandrum
705 3502 727 3548 a
751 3501 880 3549 scaena
912 3481 1130 3550 Chremetem
1162 3485 1370 3567 suspicatur,
1404 3487 1442 3548 ut

157 3591 382 3676 Menedemus
420 3608 538 3656 secum
571 3590 699 3656 diutius
732 3591 939 3674 loqueretur,
976 3595 1011 3656 et
1041 3589 1122 3674 Syri
1155 3592 1373 3672 monologum
1405 3589 1442 3654 in

103 3707 108 3714 '
156 3698 257 3764 exitu
276 3717 425 3764 scaenae
443 3698 587 3762 alterius
606 3701 708 3762 actus
721 3697 765 3762 11.
780 3698 968 3781 longiorem
983 3698 1076 3781 apud
1092 3698 1321 3764 Menandrum
1335 3698 1442 3763 fuisse

158 3806 345 3871 contendit.
369 3804 468 3885 Quae
492 3805 661 3870 sententia
685 3807 731 3869 ab
753 3805 832 3871 aliis
842 3803 865 3884 ⁴)
888 3810 984 3870 recte
1003 3805 1228 3888 improbatur,
1247 3823 1329 3869 nam
1348 3808 1439 3870 astu-

125 3919 128 3930 '
157 3915 212 4006 tos
225 3930 346 3980 servos
360 3913 454 3995 apud
469 3913 668 3977 Terentium
682 3914 856 3995 extemplo
870 3912 1015 3978 consilia
1029 3929 1156 3994 capere
1170 3912 1277 3995 vulgo
1296 3915 1440 3976 constat.

157 4072 371 4086 .,,-..--.-...-.ι

53 4216 56 4223 .
181 4173 188 4188 ·
268 4166 287 4230 ¹)
304 4164 413 4218 Heaut.
432 4179 459 4216 v.
481 4161 541 4218 167.

103 4267 108 4278 “
171 4235 178 4252 ’
266 4253 289 4320 ²)
306 4254 414 4308 Heaut.
435 4269 464 4306 v.
483 4253 545 4308 497.

92 4323 97 4339 ’
162 4369 176 4384 ··
268 4342 290 4410 8)
308 4343 448 4411 Beitrage
467 4358 523 4396 aur
541 4340 641 4396 Kritik
661 4340 712 4395 des
731 4340 796 4394 Ter.
816 4357 844 4410 p.
863 4344 888 4395 ὁ.

264 4431 289 4498 ⁴)
306 4431 431 4487 Neneini
451 4432 470 4484 l.
489 4432 508 4483 l.
968 4439 972 4448 ·
